3816 5258
340 423 403 490 ιιι
641 437 793 489 aaronis
815 436 856 485 ro
879 436 986 485 aanor
1010 432 1213 484 mansuum.
1379 419 1455 513 [aa
1471 422 1545 504 765.

341 596 412 661 Deo
426 604 535 680 sperat
549 602 584 660 et
593 603 686 679 optat
697 613 827 659 necessa
836 601 886 657 est
896 600 934 656 ut
945 591 1090 655 hilariter
1104 611 1271 656 assensum
1282 612 1322 657 ex
1333 593 1443 657 animo
1455 614 1546 678 prae·

340 693 416 758 beat
426 693 581 777 quoniam
592 700 716 757 certum
729 702 779 756 est
790 697 881 754 tanto
893 689 1020 754 facilius
1032 709 1068 753 ee
1080 709 1161 773 quae
1173 690 1312 774 quisque
1320 712 1340 754 a
1349 691 1420 757 Deo
1430 713 1547 777 popos.

340 792 421 856 cerit
435 792 589 875 consequi
603 811 695 874 possa
706 797 830 874 quanto
841 796 875 852 et
890 788 959 871 ipse
969 787 1124 852 libentius
1135 786 1323 853 hominibus
1338 788 1463 854 utiliter
1472 810 1547 873 pos-

341 887 446 952 tulata
458 889 667 952 concesserit.
679 887 766 971 quod
779 897 857 952 tunc
868 887 1024 949 bonorum
1037 885 1180 948 omnium
1193 885 1338 969 largitori
1350 887 1420 952 Deo
1435 909 1547 973 accep-

341 985 441 1050 tabile
455 986 499 1050 sit
512 1007 587 1050 cum
604 1006 662 1069 pro
677 986 747 1068 cjus
762 1005 868 1049 amore
884 991 917 1048 et
929 984 1071 1047 utilitate
1083 983 1311 1048 lamrdantium
1323 985 1353 1049 ei
1365 987 1546 1071 peragitur.

385 1084 600 1160 Quamobrem
626 1103 685 1168 ego
711 1083 912 1147 Ennomus
935 1103 991 1146 rex
1015 1081 1147 1146 Cantica
1170 1083 1231 1146 tibi
1254 1083 1431 1147 venerabili
1455 1085 1546 1148 lisa·

341 1196 488 1245 annucio
507 1180 635 1245 abbate¹
652 1190 793 1265 tuaeque
809 1180 951 1245 familias
974 1180 1161 1244 consistenti
1185 1179 1219 1243 in
1243 1182 1437 1246 monasterio
1458 1183 1546 1266 quod

341 1279 527 1344 nominatur
557 1279 720 1345 lttcuvnrl
751 1300 809 1363 pro
840 1280 902 1344 Dei
938 1279 1167 1362 omnipotentis
1199 1279 1260 1343 Dei
1290 1301 1398 1344 amore
1426 1289 1461 1346 et
1489 1301 1547 1364 spe

340 1402 498 1466 supernae
514 1382 671 1447 mercedis
694 1391 731 1447 ut
752 1382 925 1466 diligenter
945 1380 1092 1465 petis'tis
1114 1390 1230 1444 terram
1250 1382 1336 1464 juris
1358 1383 1421 1447 mei
1444 1382 1549 1447 idest

342 1480 438 1544 unius
453 1481 551 1544 aratri
574 1481 609 1544 in
630 1480 700 1544 loco
722 1481 780 1564 qui
803 1481 922 1545 dieitur
945 1481 1190 1543 Permittamus
1213 1499 1288 1543 eum
1310 1480 1434 1564 eampis
1456 1480 1549 1545 silvis

341 1577 470 1663 pascuis
500 1580 729 1645 venationibus
759 1581 974 1663 omnibusque
1003 1578 1190 1643 necessariis
1216 1578 1258 1641 ad
1285 1598 1356 1642 eam
1383 1579 1548 1663 pertinen·

341 1677 429 1742 tibus
454 1679 550 1743 rebus
569 1678 667 1763 juxta
693 1676 860 1742 terminos¹
886 1677 1039 1741 videlicet
1063 1677 1215 1760 antiquos
1241 1684 1274 1742 et
1296 1677 1459 1762 indigenis
1480 1697 1549 1742 oer-

342 1775 485 1840 tissimos
507 1787 641 1841 aeterna
663 1776 837 1841 traditione
864 1798 922 1860 pro
948 1775 1088 1840 remedio
1111 1776 1236 1840 seilicet
1262 1776 1381 1842 arduam
1403 1797 1494 1841 meae
1515 1785 1551 1842 et

342 1874 524 1939 orationum
540 1876 693 1959 suffragio
707 1885 884 1938 vestrarum
897 1875 1037 1938 libenter
1048 1872 1279 1958 possedendum
1294 1874 1451 1941 concedo.
1497 1873 1551 1938 Ita

342 1972 516 2038 dumtaxat
530 1985 568 2039 ut
583 1974 739 2058 quicquid
755 1974 795 2039 de
811 1994 847 2037 ea
864 1974 932 2037 fieri
947 1972 1115 2037 volueritis
1133 1974 1200 2037 sire
1217 1973 1251 2037 iu
1266 1973 1416 2038 donando
1431 1974 1501 2038 sire
1515 1972 1550 2037 iu

343 2072 580 2136 accomodando
596 2071 648 2137 vel
671 2074 705 2136 iu
729 2071 981 2136 oemruutuaudo
1002 2071 1135 2135 liberam
1157 2071 1431 2155 sempiternaliter
1445 2079 1551 2156 potes·

344 2184 444 2240 tatem
457 2174 622 2239 habeatis.
649 2175 739 2239 Haec
752 2174 993 2255 auteurterrula
1003 2174 1139 2238 habetur
1150 2174 1159 2237 i
1164 2195 1182 2235 u
1197 2174 1552 2258 regioue⁸eaestruuara

344 2274 400 2337 ubi
416 2274 605 2337 nominatur
620 2273 800 2352 beahlraam
816 2255 856 2336 eis
861 2255 987 2355 adjacet
1002 2293 1021 2334 a
1035 2271 1167 2335 meridie
1179 2273 1248 2336 siue
1257 2272 1423 2338 occidente
1434 2293 1551 2336 norem

344 2371 412 2434 illa
431 2372 548 2435 aratris
571 2393 654 2455 quae
676 2371 767 2454 prius
789 2371 912 2435 scilicet
933 2370 1068 2433 dominii
1090 2370 1188 2433 vestri
1213 2372 1341 2434 fueraut
1363 2391 1552 2456 quaequaa

236 2490 241 2499 ·
346 2480 436 2553 patra
452 2490 524 2534 meo
536 2468 756 2533 Eadberhtuo¹
773 2469 863 2532 robis
875 2489 944 2533 esse
960 2467 1078 2531 donata
1093 2467 1303 2531 manifestum
1318 2476 1390 2533 est.
1453 2523 1456 2529 .

389 2567 545 2651 Quisquis
572 2568 672 2650 igitur
696 2589 736 2631 ex
760 2567 907 2651 quolibet
931 2566 984 2630 vel
1010 2587 1050 2631 ex
1072 2565 1288 2631 ecclesiastico
1308 2566 1409 2651 gradu
1432 2568 1485 2632 vel
1511 2587 1552 2633 ex

346 2665 502 2731 saeculari
517 2667 676 2747 dipmitate
703 2665 754 2728 his
775 2666 832 2749 qui
857 2665 981 2728 utiliter
1002 2685 1059 2748 pro
1082 2663 1144 2727 Dei
1167 2664 1289 2727 iutuitu
1315 2666 1416 2729 servis
1430 2664 1554 2731 Christi

346 2765 563 2828 concessimus
579 2764 691 2827 insido
706 2763 923 2846 malivoloque
939 2762 1046 2826 animo
1061 2761 1217 2825 contraire
1233 2765 1482 2848 praesumpserit
1496 2773 1555 2828 aut

346 2863 380 2926 iu
402 2863 512 2946 aliqua
539 2884 573 2927 re
596 2861 772 2945 praefatam
788 2862 994 2925 donationem
1018 2872 1156 2923 nostrum
1177 2860 1307 2922 inritam
1324 2859 1427 2927 facere
1449 2873 1554 2946 temp·

347 2962 464 3024 tavent
480 3012 487 3026 .
503 2961 593 3025 Sciat
617 2981 652 3024 se
678 2961 750 3024 siue
765 2960 863 3024 dubio
879 2968 913 3023 et
932 2959 966 3022 in
989 2958 1149 3042 praesenti
1172 2958 1213 3020 ob
1235 2958 1385 3022 meritum
1409 2959 1555 3026 malitiae

347 3080 424 3123 strae
442 3060 532 3141 juste
556 3059 872 3123 excommunicatam
890 3058 959 3120 lieri
975 3077 994 3120 a
1009 3076 1137 3140 corpore
1152 3065 1186 3119 et
1205 3058 1362 3140 sanguiue
1377 3059 1498 3123 Christi
1520 3070 1555 3125 et

348 3157 508 3221 inlutum
531 3154 644 3240 procul
672 3165 875 3239 segregatum
891 3156 932 3218 ab
947 3155 998 3219 his
1020 3157 1075 3238 qui
1096 3175 1115 3218 a
1137 3153 1261 3219 dextris
1277 3155 1398 3220 Christi
1425 3168 1556 3243 propter

347 3276 443 3339 opera
469 3255 603 3338 pietatis
629 3254 784 3318 adstrare¹
809 3264 843 3317 et
866 3253 957 3317 illam
978 3254 1103 3318 beatam
1121 3274 1232 3317 vocem
1247 3253 1358 3319 audire
1379 3258 1556 3322 meruerint

346 3355 495 3418 “Venite
512 3352 673 3417 benedicti
690 3354 792 3436 patris
808 3353 870 3416 ruei
887 3352 1040 3435 percipite
1053 3373 1186 3436 regnum
1201 3353 1287 3435 quod
1303 3353 1394 3417 robis
1406 3365 1556 3438 paratum

348 3462 398 3518 est
409 3454 450 3517 ab
460 3454 582 3535 origine
596 3452 736 3514 mundi'.
766 3452 953 3516 hlauentem
964 3451 1046 3514 hanc
1056 3450 1217 3514 kartulam
1228 3451 1262 3513 in
1274 3472 1334 3515 sua
1345 3453 1556 3520 nihilominus

349 3552 501 3615 firmitate
516 3571 590 3613 eum
602 3569 760 3612 consensu
777 3548 969 3612 rerrcmbilis
984 3548 1122 3631 episcopi
1139 3550 1240 3612 nostri
1253 3548 1418 3614 Fardurdfi
1430 3572 1555 3617 necnon

348 3664 381 3718 et
397 3654 580 3738 principum
593 3672 736 3716 meorum
753 3651 905 3714 canoruoe
922 3650 1065 3714 rubomre
1083 3661 1119 3713 ut
1134 3651 1219 3713 inira
1233 3652 1372 3735 patescit
1385 3655 1495 3718 curati
1511 3703 1519 3718 .

481 3803 522 3882 ⁵1-
547 3800 614 3883 Qo
629 3797 803 3861 Eardullus
819 3819 873 3862 rex
887 3798 1020 3862 Cautias
1031 3798 1208 3881 praefatam
1223 3797 1430 3864 donationem
1449 3822 1554 3868 meam

614 3918 671 3981 per
684 3898 843 3980 pmpriam
861 3918 991 3959 suanum
1008 3897 1098 3980 siguo
1113 3907 1243 3962 sanetas
1257 3898 1362 3962 crucis
1376 3899 1522 3967 roboravi
1537 3952 1546 3967 .

481 3998 521 4078 ᾧ
548 3995 820 4080 Egol‘nrduullus
834 3995 1001 4058 llroseusis
1012 3993 1342 4082 ecolesiaoepisoopus
1353 4000 1559 4066 consentiens

612 4097 787 4178 sulscripsi
810 4147 818 4161 .

482 4200 523 4280 ’1⁴
547 4199 681 4278 Signum
698 4216 812 4259 manus
828 4193 1036 4258 Foleuuiuis.

481 4299 522 4378 '1⁴
547 4297 681 4378 Signum
699 4314 814 4355 uranus
831 4291 1052 4374 Byrrrlramcs.

482 4397 523 4476 '1⁴
548 4396 684 4476 Signum
701 4411 817 4454 manus
833 4389 1085 4455 l’uibtbrordis.

401 4575 522 4637 1350ss
623 4573 1247 4636 'Tmimlmaqbutsllmthmhtiuqk
1347 4574 1563 4636 'aaronita

353 4654 757 4722 voedmtchsdthwk
