3816 5258
258 376 321 424 aa.
338 358 426 444 787.]
536 378 683 429 necares
704 378 837 428 cronon
857 380 930 429 mn
951 383 1199 435 maor-mmor.
1315 356 1513 439 ''btl'
1573 402 1577 409 ·

258 530 397 594 relatum
412 538 462 595 est
479 533 565 615 qnod
581 535 706 618 reliqna
719 535 802 598 vitiu
817 556 883 599 nou
899 538 1036 601 minima
1052 539 1099 602 ibi
1114 538 1295 604 necessaria
1313 548 1407 605 erant
1421 540 1466 617 aa
1491 576 1497 585 ·

256 629 499 711 corrigendum.
515 631 600 707 Quia
614 682 623 708 ,
638 640 676 695 nt
690 631 782 697 scitis
798 654 843 711 ,a
866 642 1013 717 tempore
1036 637 1141 700 macti
1156 636 1337 719 Augustini
1356 638 1465 721 ponti·

257 727 327 790 licis
342 778 350 801 ,
364 728 511 791 sacerdos
527 730 691 794 Romanus
705 730 819 795 nullus
833 731 913 796 illuc
928 733 1049 797 missus
1064 741 1114 799 est
1128 734 1193 798 nisi
1207 754 1290 800 nos.

300 824 492 908 scripsimus
507 847 646 912 namque
661 827 839 912 capitulare
853 829 895 893 de
910 831 1049 914 singidis
1063 832 1160 897 rebus
1175 882 1184 908 ‚
1197 839 1233 897 ct
1245 851 1305 915 per
1317 830 1465 897 ominem
1491 834 1497 845 '

256 930 372 985 cuncta
402 922 593 988 disserentes
608 976 617 1002 ,
631 927 762 990 auribus
788 925 921 989 illorum
948 928 1169 1009 pertulimus;
1188 929 1246 1012 qui
1270 949 1346 993 cum
1373 928 1463 993 omni

201 1060 204 1066 ·
257 1019 452 1083 humilitatis
478 1021 676 1103 subjectione
699 1074 707 1098 ‚
728 1031 763 1087 et
784 1023 873 1086 clara
894 1024 1065 1091 uoluntate
1088 1077 1097 1103 ,
1118 1034 1187 1089 tam
1210 1026 1464 1091 admonitionem

257 1126 398 1181 restrum
413 1139 508 1201 qnam
525 1121 717 1203 parvitatem
733 1132 877 1184 nostram
898 1124 1125 1206 amplexantes
1141 1174 1149 1199 ‚
1164 1124 1407 1207 spoponderunt
1428 1144 1465 1189 sc
1511 1156 1514 1161 ·

257 1216 291 1278 in
308 1218 456 1279 orumhus
471 1217 599 1281 obedire
614 1267 621 1281 .
634 1219 725 1282 Tunc
740 1240 799 1282 nos
815 1221 969 1301 epistolas
984 1230 1108 1284 uestras
1122 1221 1169 1285 eis
1184 1220 1378 1285 tradidimus
1391 1241 1465 1305 pcr-

256 1311 408 1396 legcudas
423 1364 431 1387 ,
445 1322 663 1378 contestantes
689 1337 744 1378 eos
758 1365 766 1390 ,
782 1322 851 1377 tam
874 1316 910 1378 iu
925 1337 960 1379 se
976 1338 1075 1399 quam
1097 1318 1133 1379 in
1157 1316 1321 1392 subditis,
1339 1326 1465 1381 sacrata

256 1411 383 1474 decreta
395 1412 573 1475 eustolire.
588 1412 668 1476 llaec
683 1433 822 1494 namque
838 1421 917 1475 sunt-
932 1414 1078 1496 capitula
1088 1463 1096 1476 .
1108 1434 1181 1496 qua·
1190 1412 1257 1476 illis
1270 1412 1464 1497 pertulimus

258 1507 476 1572 conservmrda
497 1508 634 1589 esseh-

494 1606 513 1645 ι
731 1606 751 1646 ι
972 1607 992 1647 ι
1210 1608 1232 1647 ι

301 1704 383 1767 llaec
405 1702 532 1766 decreta
546 1753 554 1779 ,
570 1703 756 1768 beatissime
781 1723 866 1787 papa
890 1704 1078 1768 Hanumxn
1092 1754 1101 1781 ,
1115 1704 1151 1767 in
1173 1703 1311 1769 concilio
1333 1704 1465 1789 publico

255 1823 362 1866 coram
388 1822 460 1887 rege
484 1804 671 1867 AElsunaldo
693 1853 702 1879 ,
729 1812 762 1869 et
786 1804 1030 1888 archiepiscopo
1051 1804 1220 1868 Eanbaldo
1234 1856 1244 1881 ,
1258 1814 1292 1870 et
1312 1806 1465 1871 omnibus

256 1901 416 1983 episeopis
441 1908 474 1963 et
496 1901 667 1965 abhatibus
693 1901 855 1985 regionis,
871 1922 931 1965 seu
953 1902 1182 1977 senatoribus,
1197 1910 1233 1966 ct
1254 1902 1393 1967 ducibus
1406 1952 1417 1978 ,
1429 1910 1466 1967 et

256 1998 376 2081 popido
402 2006 495 2061 terrae
521 2000 766 2080 proposuimus,
782 2006 816 2063 et
837 1999 888 2062 illi
905 2050 913 2074 ‚
928 2007 968 2063 ut
989 2000 1140 2087 superius
1154 2000 1215 2063 sati
1237 2020 1351 2065 sumus
1364 2049 1374 2077 ,
1387 2020 1463 2065 cum

254 2096 343 2158 onim
368 2095 537 2158 devotione
560 2097 677 2159 mentis
700 2097 797 2178 juxta
819 2097 1072 2179 possimlitatem
1095 2098 1217 2161 uirium
1237 2118 1369 2162 suarum
1382 2148 1392 2163 .
1405 2096 1465 2161 ad·

251 2195 389 2276 jurante
412 2214 550 2276 supema
565 2194 737 2258 clementia
751 2244 760 2271 ,
775 2216 810 2258 se
834 2195 869 2257 in
892 2196 1045 2259 oumilms
1068 2196 1230 2260 custodire
1244 2196 1465 2260 devoverunt=

253 2302 289 2357 et
312 2293 402 2375 siguo
429 2302 546 2355 sancta·
572 2293 676 2356 erucis
702 2293 736 2354 in
754 2294 824 2356 rice
839 2308 949 2356 restra
965 2344 972 2356 .
990 2294 1024 2356 iu
1047 2314 1146 2357 mann
1169 2302 1281 2357 nostru
1294 2294 1464 2358 coufinnu·

254 2398 373 2454 rerunt
389 2414 401 2452 :¹
411 2398 445 2453 ct
459 2396 571 2473 postea
593 2388 679 2473 stylo
694 2390 845 2473 diligenti
859 2390 896 2453 iu
911 2391 1024 2454 charta
1046 2391 1146 2474 hujus
1163 2392 1291 2476 paginae
1312 2411 1465 2457 exarare·

255 2496 333 2552 unu
348 2538 356 2563 ‚
371 2489 499 2572 siguum
514 2499 633 2551 sauctae
647 2489 753 2551 crucis
768 2488 944 2571 infigentes
958 2538 967 2552 .

387 2634 455 2716 Ego
481 2632 691 2696 AEliuualdus
712 2632 1008 2695 Translmmbrame
1033 2632 1141 2717 gentis
1161 2653 1220 2697 rex
1235 2682 1244 2709 ‚
1258 2632 1465 2697 consentiens

518 2732 610 2813 signo
624 2739 744 2793 strictae.
759 2732 864 2793 crucis
880 2731 1081 2813 subscripsi.

389 2831 456 2914 Ego
471 2829 680 2893 llilherchus²
702 2829 966 2912 Augustadcusis
991 2829 1137 2893 ecclcsiae
1162 2828 1283 2913 praesul
1298 2879 1305 2893 .
1319 2828 1465 2913 gaudens

517 2930 609 3012 signo
624 2938 746 2992 sauctae
760 2928 866 2991 crucis
881 2927 1060 3009 subscripsi
1076 2974 1086 2991 .
1485 2916 1492 2925 ’

305 3157 313 3188 ¹
331 3158 385 3205 The
401 3156 532 3217 iollouiug
547 3170 590 3202 are
606 3154 651 3202 the
666 3153 766 3202 rubrica
777 3154 935 3213 (attriluued
951 3154 985 3217 oy
999 3152 1109 3201 liaddau
1120 3152 1173 3201 aud
1183 3151 1283 3201 Stubba
1294 3154 1323 3201 to
1332 3152 1466 3216 Spaelrnan)
1553 3180 1556 3185 ·

254 3240 283 3287 ol
300 3239 345 3285 thc
361 3237 487 3298 chapters,
499 3236 543 3283 the
556 3240 612 3282 text
623 3234 700 3297 being
720 3235 830 3282 omitted
847 3250 876 3282 a·
892 3249 1063 3297 nunecereary
1075 3239 1104 3281 to
1120 3233 1173 3282 thiu
1189 3232 1260 3281 work
1270 3236 1333 3283 a-l.
1354 3234 1467 3285 Utsu-

255 3320 351 3368 Xicena
362 3324 480 3365 teneatur
491 3354 498 3375 ,
509 3324 536 3364 ct
547 3317 580 3364 de
590 3333 619 3364 ea
631 3316 773 3378 pre-ebyteri
784 3332 872 3363 arruuo
884 3316 1082 3364 examinentur:
1099 3330 1189 3364 omnes
1204 3315 1285 3363 etiem
1300 3320 1407 3365 tentam
1417 3332 1466 3366 nex

255 3398 409 3447 universales
419 3398 547 3460 noeros.
580 3400 603 3445 2
622 3398 809 3459 lluptimudum
820 3399 897 3460 jaula
908 3414 1019 3445 αιιιυιιεε
1029 3416 1036 3445 :
1047 3397 1112 3459 qnid
1123 3397 1279 3459 crisceptoris
1289 3397 1324 3445 nit
1333 3396 1446 3447 officium
1454 3430 1465 3447 0

255 3480 279 3527 3.
296 3479 333 3527 Ut
343 3477 476 3540 episcopus
487 3477 526 3525 bia
537 3477 564 3525 in
581 3492 648 3524 anno
663 3476 792 3539 synodum
809 3484 882 3540 cogat
896 3483 942 3535 ,et
959 3476 1105 3539 peannhiam
1122 3492 1196 3524 auam
1212 3474 1291 3523 semel
1305 3475 1465 3539 circumeat,

254 3565 356 3622 peccata
373 3559 508 3621 corripiens
520 3595 527 3618 ,
538 3564 565 3606 et
581 3574 626 3606 sua
643 3558 783 3605 cohibens.
825 3562 848 3606 4.
868 3558 904 3606 l‘t
916 3558 970 3605 vita
981 3564 1009 3605 ct
1025 3557 1129 3605 lmhitus
1140 3557 1321 3605 canonicorum
1331 3593 1339 3617 ‚
1349 3560 1398 3605 etc.
1409 3555 1466 3605 nint

254 3641 287 3687 de
298 3655 367 3687 more
379 3639 566 3699 Orientalium,
578 3645 605 3686 ct
615 3639 690 3701 juxta
701 3654 810 3685 canones
825 3644 852 3686 et
869 3639 973 3686 decreta
990 3638 1140 3700 1ontifieum
1153 3638 1344 3687 Romanorum.
1384 3637 1409 3686 8.
1424 3636 1465 3689 Ut

253 3722 367 3784 praeieeti
379 3721 590 3769 monasteriorum
601 3720 729 3783 eligantur
740 3720 801 3768 vitae
812 3720 943 3783 pade-uae.
983 3721 1008 3769 6.
1027 3720 1066 3767 lle
1078 3719 1287 3782 prealnterorum
1302 3724 1332 3767 at
1345 3718 1465 3769 ditm

255 3817 312 3849 rum
324 3801 499 3849 ordinatione.
543 3800 566 3849 ῖ.
584 3800 620 3850 t't
632 3816 721 3847 cursam
738 3799 783 3847 fiat
800 3800 828 3853 in
844 3799 915 3847 horis
931 3799 1078 3867 canonicis.
1120 3798 1142 3847 8.
1161 3798 1200 3847 t’t
1211 3798 1342 3862 privilegia
1352 3814 1369 3847 a
1378 3798 1465 3862 ponti-

254 3882 300 3929 sne
308 3882 421 3929 llomnno
431 3896 548 3929 concessa
560 3881 743 3929 olecrreutur.
772 3884 795 3928 il.
808 3880 846 3929 t't
856 3880 1043 3928 ecclesiasticus
1054 3879 1141 3927 cibum
1151 3878 1180 3927 in
1189 3886 1289 3927 aerem
1299 3894 1350 3927 non
1361 3884 1465 3929 sumat.

255 3964 294 4009 lu,
312 3962 348 4009 l't
365 3962 391 4008 iu
408 3962 485 4009 mosa
496 3998 503 4021 ,
514 3978 589 4009 crura
606 3961 675 4009 undu
686 3998 693 4020 ,
705 3966 791 4009 eructa
803 3960 875 4022 panis
887 3995 894 4018 ,
908 3976 988 4008 canna
1006 3959 1145 4007 bovianum
1161 3958 1356 4011 admittantur:
1371 3975 1420 4010 uec
1434 3960 1464 4011 in

253 4043 357 4105 synodis
376 4042 520 4090 secuhnia.
539 4042 672 4089 Onmdnm
690 4057 737 4103 pro
756 4040 881 4087 ccclesia.
924 4042 964 4089 11.
982 4040 1021 4088 De
1040 4039 1122 4087 officio
1139 4054 1229 4101 regum
1246 4076 1254 4099 ,
1270 4046 1299 4088 et
1314 4040 1466 4091 ucellmt'n

253 4124 412 4171 sacerdotum
424 4159 431 4172 .
468 4126 506 4171 12.
525 4122 564 4170 De
575 4121 735 4170 ordinatione
742 4126 770 4168 et
781 4121 878 4169 honore
889 4136 996 4183 regam.
1032 4122 1072 4168 13.
1090 4120 1129 4167 De
1139 4120 1243 4181 judiciis
1253 4120 1325 4182 iuste
1334 4122 1464 4171 ferundis·

255 4208 294 4253 lt.
313 4207 349 4253 llc
367 4205 513 4253 cohibendis
529 4205 621 4252 fraude
632 4240 638 4259 ,
650 4203 739 4265 rapina
750 4240 757 4262 ,
769 4209 794 4251 et
813 4203 920 4250 tributis
936 4202 1053 4249 Ecclesiae
1070 4201 1168 4264 injuste
1184 4202 1330 4264 impunitis.
1366 4204 1405 4252 15.
1423 4202 1464 4253 De

253 4286 348 4348 inimic
359 4293 385 4333 et
398 4286 548 4334 incestuosis
558 4286 684 4347 amjogiia
696 4284 882 4347 pnihilumdis.
918 4285 955 4331 16.
975 4283 1012 4331 l't
1024 4283 1105 4345 spurii
1115 4289 1143 4330 et
1160 4283 1244 4345 proles
1260 4282 1394 4347 illegitima
1408 4298 1463 4335 non

252 4369 389 4415 succedant
401 4368 427 4415 iu
439 4367 615 4415 increditatem
627 4398 634 4411 .
669 4366 708 4415 17.
726 4366 764 4415 L't
775 4366 881 4413 decimae
891 4365 970 4427 jueta
981 4364 1128 4413 nola-autur.
1139 4364 1239 4423 Unuca,
1250 4363 1339 4427 iniqua
1349 4364 1464 4427 pianda·

252 4456 280 4497 et
300 4464 424 4497 mensurae
442 4449 628 4511 prohibentur.
675 4450 713 4496 18.
738 4448 777 4497 Ut
795 4454 856 4495 vota
876 4446 988 4494 fiaenter
1005 4446 1165 4494 redduntur.
1219 4448 1259 4495 19.
1282 4444 1322 4495 Ut
1341 4445 1463 4511 reliqu‘n

254 4544 409 4591 pergunorum
428 4530 527 4579 rituum
547 4530 657 4592 quicque
672 4528 794 4592 abjiciat.
838 4530 877 4576 20.
896 4526 936 4575 De
953 4526 1117 4576 conversione
1136 4562 1145 4587 ‚
1164 4525 1341 4588 lunitcntia,
1358 4531 1388 4576 et
1401 4542 1462 4579 eon·

251 4610 377 4661 ieuionc.
475 4609 486 4641 ⁸
502 4612 550 4660 Sat
562 4612 628 4661 End.
642 4610 694 4659 and
705 4611 752 4671 St,
763 4610 799 4671 iii,
811 4626 836 4673 p
849 4610 907 4669 462,
915 4624 940 4657 n.
961 4624 995 4657 ou
1007 4607 1079 4657 these
1089 4608 1240 4672 uigilatum
