3816 5258
184 431 267 480 aa
283 415 374 501 no]
579 434 712 485 uurauo
733 436 777 484 ru
797 432 1025 485 ernumuao.
1346 414 1411 485 287

204 590 420 673 omnipotenti
443 589 598 656 donabo.
620 611 721 675 quarn
746 589 776 654 is
802 610 931 675 semper
953 590 1119 675 possideat
1142 598 1177 658 et
1200 598 1277 676 post
1299 606 1340 656 ee·
1356 590 1411 655 cui

205 685 346 752 voluerit
365 687 521 753 heredum
541 689 727 773 relinquat.
743 688 884 773 Insuper
905 689 1004 773 digno
1018 691 1132 774 praetio
1146 690 1242 756 abeo
1261 693 1414 772 suscepto

183 804 264 867 ,pro
291 785 436 851 remedio
459 787 575 852 animae
598 795 716 852 nostre
743 794 779 851 et
804 807 864 870 pro
889 808 999 853 amore
1024 789 1164 854 celestis
1187 789 1301 873 patna
1324 786 1415 852 Sciat
1440 793 1449 809 '

206 883 429 968 unusquisque
450 885 535 949 hauc
556 894 675 950 tenum
690 885 830 949 liberum
845 906 915 950 esse
930 886 972 949 ab
986 887 1078 950 omni
1100 887 1225 952 tributo
1244 906 1345 971 parvo
1359 883 1416 949 val

207 981 328 1064 majore
353 982 565 1065 publicalium
592 1004 701 1048 rerum
726 991 762 1047 et
789 1004 811 1046 a
840 984 968 1048 cunctis
993 986 1147 1068 operibus
1170 984 1224 1050 rel
1246 984 1332 1069 regis
1359 981 1416 1048 rel

206 1079 364 1163 principis
385 1087 504 1164 praeter
532 1081 803 1145 instructionibus
826 1081 978 1165 pontium
1001 1082 1055 1146 vel
1081 1083 1269 1148 necessariis
1302 1081 1415 1146 defen·
1458 1138 1462 1145 .

207 1176 353 1242 sionibus
373 1179 497 1244 arcium
519 1187 629 1243 contra
654 1178 788 1244 hostes.
810 1179 998 1243 omnimodo
1021 1201 1153 1264 qrroque
1171 1181 1207 1245 in
1227 1181 1292 1244 Dei
1309 1177 1415 1243 omni·

207 1279 349 1361 potentis
371 1281 501 1345 nornine
516 1281 741 1346 interdicimus
757 1332 765 1356 ‚
780 1289 819 1343 ut
833 1281 862 1344 si
877 1280 998 1365 aliquis
1012 1282 1048 1346 in
1063 1282 1124 1346 hae
1146 1281 1415 1366 praenominatam
1441 1323 1453 1345 a
1500 1300 1506 1308 ·

207 1387 326 1442 terrain
340 1379 464 1463 aliquid
480 1380 563 1444 iores
573 1379 757 1463 sumrc[rit]
769 1379 868 1443 alicui
879 1379 1004 1444 solvere
1019 1380 1145 1464 aliquid
1156 1381 1220 1444 uisi
1231 1376 1418 1463 specialiter
1449 1400 1455 1409 ·

207 1480 348 1562 pretium
374 1501 432 1564 pro
455 1480 556 1564 pretio
571 1481 612 1544 ad
626 1480 804 1545 temrinum
823 1479 867 1545 ad
888 1501 1008 1564 penam
1030 1482 1115 1546 nihil
1136 1482 1417 1566 loras.auge11tern

208 1579 269 1643 hoc
290 1599 400 1643 rueurn
414 1587 608 1663 procopium
622 1580 829 1663 omnipotens
845 1579 935 1644 Deus
949 1600 1009 1643 sua
1023 1601 1141 1664 augere
1161 1580 1247 1644 bona
1268 1579 1303 1642 iu
1325 1586 1417 1643 ater·

209 1697 288 1741 narn
309 1697 375 1740 non
389 1688 493 1743 cessat
507 1728 514 1741 ·
530 1679 729 1742 minuentem
744 1677 833 1761 quod
849 1698 914 1741 uon
930 1687 1081 1761 optamus
1100 1678 1183 1743 sciat
1204 1699 1239 1743 se
1260 1688 1338 1742 ante
1359 1675 1419 1740 tri·

209 1775 309 1839 hunul
323 1775 446 1840 Christi
459 1776 615 1840 rationem
631 1775 835 1840 redditurum
848 1827 857 1850 ,
868 1775 932 1840 nisi
947 1784 1025 1841 aute
1039 1797 1079 1840 ea
1090 1775 1160 1840 Deo
1174 1785 1207 1840 et
1231 1774 1419 1840 horninibus

210 1874 289 1938 satis
303 1873 545 1940 emendaverit.

254 1972 445 2056 Conscripta
457 1980 508 2037 est
522 1973 642 2037 autem¹
658 1971 727 2036 haec
745 1971 879 2036 donatio
893 1992 980 2036 auno
995 1973 1037 2036 ab
1051 1972 1275 2036 incarnatione
1295 1969 1421 2036 domini

210 2071 312 2134 nostri
325 2070 431 2135 Jhoeu
446 2071 567 2135 Christi
582 2121 589 2134 .
606 2086 685 2134 nce.
698 2085 790 2134 uum
804 2119 813 2132 .
828 2069 1007 2135 indictione
1024 2060 1081 2134 η’.
1096 2068 1225 2134 lunari.
1240 2062 1287 2136 ν’.

255 2197 256 2201 “
343 2205 384 2284 *1⁴
407 2203 476 2288 Ego
491 2202 563 2268 offa
578 2201 640 2267 Dei
655 2201 742 2267 douo
760 2222 819 2266 rex
835 2201 1034 2266 Marciorum
1051 2200 1131 2267 huic
1150 2201 1324 2266 donatione
1346 2220 1422 2266 con·

473 2301 560 2367 sensi
572 2309 607 2366 et
620 2299 798 2384 subscripsi
812 2347 822 2363 .

346 2402 388 2481 ›1‹
410 2400 479 2486 Ego
509 2399 676 2464 Uhtredus
712 2398 926 2462 Huicciorurn
964 2397 1093 2481 regidos
1125 2418 1230 2463 mearn
1262 2395 1425 2462 libertatis

473 2498 681 2563 donationem
696 2497 905 2562 corroborans
918 2496 1057 2580 scripsi.

241 2595 244 2601 ’
345 2600 387 2679 ›1‹
409 2598 477 2682 Ego
491 2597 612 2661 Aldrcd
634 2596 828 2681 subregulus
845 2594 1082 2659 Huuicciorurn
1108 2594 1256 2659 consensi
1284 2603 1321 2659 et·
1348 2592 1426 2658 sub-

348 2796 389 2875 *1⁴
411 2715 667 2904 Εὲοωὶῐίῖἰῗτεξὰυεῖ
688 2792 860 2877 episcopus
886 2790 1101 2856 Huicciorunr
1124 2790 1273 2855 consensi
1293 2797 1329 2855 et
1350 2787 1427 2853 sub-

349 2996 391 3075 ιι·
412 2911 740 3078 disiderans
754 2998 789 3055 a
803 2989 1005 3074 omnipo.
1037 3022 1055 3063 e
1090 3051 1095 3057 ,

348 3093 390 3172 »1⁴
409 3093 478 3176 Ego
492 3089 780 3155 Brorda-consensi
794 3098 830 3153 et
845 3088 1024 3172 subscripsi
1038 3138 1048 3154 .

348 3192 389 3271 *1⁴
413 3189 481 3275 ugo
495 3186 672 3274 Bcrhtpold
685 3188 838 3252 consensi
857 3193 892 3252 et
911 3187 1113 3273 subscripsi.

217 3348 539 3401 [mmmmm.
787 3346 1292 3401 atalantaoeneanam

220 3730 292 3795 roa
316 3727 421 3791 orant
443 3727 482 3808 by
509 3724 636 3801 verrat,
651 3723 792 3806 &pedara
811 3724 853 3806 (ψ
867 3723 918 3787 da
944 3723 1133 3821 Halmii-to
1159 3725 1379 3802 AEtddmrmd,
1400 3725 1441 3807 ᾔ

114 3843 221 3897 ,μω
298 3827 381 3891 laad
394 3832 428 3888 aa
443 3825 577 3899 Ecaten,
591 3845 632 3887 on
646 3823 696 3885 {dc
711 3822 898 3905 Sadame,
911 3843 952 3886 co.
976 3821 1157 3887 Woroestcr.
1203 3839 1268 3888 u).
1284 3823 1359 3892 770.

264 3959 306 4038 ›1‹
328 3957 372 4019 In
385 3953 516 4017 nomine
530 3950 652 4014 donnini
667 3949 771 4013 nostri
785 3946 891 4012 Jhesu
907 3947 1031 4013 Christi
1045 3998 1054 4012 .

268 4052 456 4119 Certissinre
478 4035 588 4134 itaque
610 4048 732 4131 alisque
748 4046 953 4110 dubitatione
967 4054 1097 4110 constat
1110 4046 1221 4110 omnia
1234 4068 1307 4130 quae
1322 4046 1437 4111 viden·

220 4160 276 4217 tur
289 4151 480 4234 temporalia
494 4169 585 4213 esse.
604 4147 646 4210 Et
660 4167 699 4210 ea
714 4166 787 4229 quse
802 4165 868 4208 non
884 4144 1040 4208 videntia·
1053 4154 1176 4209 aeterna
1191 4167 1284 4210 esse.
1309 4144 1438 4210 Idcirco

221 4272 279 4336 ego
304 4251 489 4316 l'rtraent's
504 4248 575 4311 Deo
597 4245 739 4308 donante
761 4242 894 4326 regulus
910 4243 1124 4307 Huicciorum
1145 4244 1284 4327 cogitavi
1300 4295 1308 4308 .
1325 4245 1375 4309 Ut
1396 4266 1438 4308 ex

221 4361 353 4434 accepta
375 4351 520 4432 portione
542 4343 711 4428 terrigenis
726 4343 817 4426 regui
833 4364 853 4405 a
867 4341 1020 4426 largitore
1035 4342 1182 4405 ‹rrrrniura
1199 4343 1357 4406 bonorum
1379 4342 1439 4406 ali·

223 4448 303 4532 quid
332 4447 482 4531 «parituris
507 4444 615 4507 runos
640 4441 777 4526 dignum
804 4461 862 4524 pro
887 4440 1031 4504 remedio
1056 4443 1175 4505 anianae
1201 4462 1281 4506 mee
1302 4441 1338 4504 in
1361 4462 1441 4506 usus

223 4546 439 4611 ecclesiastice
474 4541 635 4607 libertatis
672 4539 890 4624 cw0u1mnr].
939 4539 1038 4604 l'ude
1068 4539 1158 4604 fideli
1196 4560 1268 4604 ureo
1290 4539 1442 4604 ministro

579 4683 620 4746 δ”,
633 4683 680 4742 Α.;
700 4686 730 4744 is,
744 4681 779 4733 Κ.
881 4683 1062 4746 ’Πϋὼυιίιις
1075 4682 1110 4734 Κ.
