3676 5294
306 443 370 509 266
467 452 666 529 'mansan
683 468 847 532 coerano,
862 471 931 520 arn
947 472 1080 521 annam
1094 472 1137 522 ro
1152 472 1298 522 amnne
1337 456 1417 543 [an
1431 474 1514 543 759.

307 618 416 684 abbati
431 623 568 687 testibus
582 624 667 690 intra
688 627 808 692 notatis
829 628 1106 694 consentientibus
1128 637 1227 714 atque
1242 630 1513 699 confirmantibus

309 715 391 783 hane
413 720 604 804 scripturam
631 726 892 810 repmbrantibns
919 737 1030 794 autem
1055 728 1120 794 alia
1144 730 1304 814 scriptura
1333 751 1408 816 quae
1437 739 1517 797 sunt

307 814 395 880 edita
409 816 450 882 de
464 818 525 884 hac
539 829 646 888 tem.

351 914 395 978 Et
416 916 484 981 hac
503 927 574 984 acta
589 930 667 985 sunt
687 923 729 986 ab
751 923 972 991 incarnatione
998 925 1123 990 domini
1143 926 1246 991 nostri
1267 926 1375 992 Jhesu
1391 927 1515 993 Christi

306 1027 517 1082 ,uectium
535 1017 808 1087 indictionem.
1068 1025 1072 1036 '

436 1161 583 1229 Kinewll
596 1167 679 1252 regis
695 1171 761 1250 vx«.

436 1261 607 1329 Hereunld
622 1267 765 1352 episcopi
781 1270 846 1350 ³11.

435 1361 570 1449 Scilling
585 1366 742 1449 presbiter
757 1369 798 1448 ᾧ
816 1414 826 1434 .

436 1461 550 1527 Cenlic
564 1464 721 1548 presbiter
735 1474 769 1531 et
783 1468 882 1532 ceteri
897 1517 905 1532 .
923 1471 988 1551 '1‘-

305 1619 526 1739 Μῶξῶι.
545 1625 579 1674 ⁸1.
599 1625 619 1669 r.
640 1626 684 1669 rra
721 1627 887 1681 (surenam
935 1629 983 1679 aar
996 1628 1361 1681 ratmunwam,
1373 1627 1497 1678 rmnrnr

730 1927 1073 1940 m

308 2151 379 2218 187.
404 2151 507 2214 Grunt
530 2154 569 2236 by
590 2152 759 2229 Earrbcrlrh
776 2154 918 2232 Ulrctrcd,
931 2156 1001 2218 und
1015 2155 1135 2220 Ablnd
1156 2162 1187 2219 io
1206 2156 1308 2220 Abba!
1325 2155 1472 2233 Ῑῖωώὶα,
1484 2157 1524 2223 οΙ

553 2257 633 2320 laud
647 2265 681 2320 ut
697 2259 897 2342 Orruansord,
910 2281 951 2324 oo.
974 2259 1070 2325 Wm
1114 2274 1177 2324 an.
1194 2258 1268 2326 759.

787 2398 911 2464 Ossan
934 2398 1062 2465 Foan.¹.

355 2530 461 2614 ›11111
488 2532 619 2596 nourine
647 2531 770 2596 domini
800 2533 900 2597 nostri
930 2532 1036 2598 Jhesu
1063 2532 1185 2599 Christi
1207 2530 1410 2621 salrat[oris]
1436 2532 1521 2598 nihil

310 2630 483 2696 intulimus
511 2631 544 2695 in
567 2631 654 2697 bunc
677 2630 836 2695 nrundum
859 2653 972 2696 rerum
999 2653 1060 2698 nee
1083 2633 1208 2698 aulem
1237 2633 1319 2718 qnid
1349 2653 1523 2718 possumm

309 2730 428 2795 idcireo
442 2730 579 2795 terrenis
601 2750 638 2795 nc
660 2729 790 2795 caducis
808 2740 928 2796 rotenia
946 2741 981 2797 et
1001 2731 1139 2797 caelestis
1156 2732 1270 2818 patriae
1289 2731 1424 2816 praemia
1438 2752 1523 2797 mer·
1553 2770 1560 2780 ·

308 2828 411 2894 canda
426 2835 526 2895 sunt.

353 2927 558 3014 Quapropter
580 2977 588 2993 .
612 2948 685 2994 cum
708 2927 842 2993 licentia
863 2937 898 2994 et
917 2928 1127 3014 permissione
1154 2929 1292 3014 piissimi
1311 2928 1397 3013 regis
1412 2927 1525 2995 Offan'

310 3031 528 3097 blercinrum.
547 3052 607 3095 nos
628 3038 693 3095 tres
714 3032 859 3111 germrmi
883 3053 948 3096 uno
968 3041 1060 3117 patre
1082 3031 1162 3097 editi
1184 3081 1192 3097 .
1215 3032 1403 3096 Enetum
1424 3041 1525 3118 atque

312 3131 474 3197 Uncruto
497 3151 623 3195 necnon
645 3137 679 3195 et
701 3132 842 3194 Amnon
864 3132 977 3216 pnetio
1003 3129 1234 3215 redemptionis
1256 3132 1377 3195 animre
1406 3138 1525 3196 nostrre

312 3251 378 3296 non
393 3230 577 3313 ignorantes
592 3230 626 3292 in
643 3228 752 3292 laturo
774 3229 926 3312 prodesse
939 3230 967 3294 si
983 3228 1061 3314 quid
1078 3229 1200 3295 Christi
1216 3229 1371 3294 membris
1385 3228 1528 3294 libenter

311 3328 519 3413 inpendimus
536 3375 544 3392 .
560 3324 764 3390 donavimns³
785 3328 844 3391 tibi
871 3328 1019 3392 Htsbna
1041 3327 1141 3391 abbas
1163 3336 1305 3392 ‚terram
1319 3328 1405 3410 juris
1424 3327 1525 3391 nostri

313 3427 423 3492 decern
438 3433 705 3490 cassatorumat
719 3425 953 3491 osma-nonni
964 3427 1111 3491 coufiniae
1127 3435 1236 3491 tamen
1252 3425 1400 3509 ejusdem
1415 3434 1527 3494 rene.

313 3528 355 3590 ab
377 3525 511 3591 australi
534 3524 627 3609 plaga
651 3523 806 3608 Uuisleag
830 3576 837 3590 .
860 3526 902 3589 ab
923 3525 1090 3590 occidente
1114 3523 1307 3589 llindburna
1321 3545 1363 3601 ‚a
1386 3533 1527 3609 septem·

312 3625 450 3690 trionale
461 3621 708 3706 blecsgelegeo⁴;
719 3623 760 3686 ab
770 3625 892 3688 oriente
905 3643 980 3688 reru
988 3622 1198 3689 Onnandnun
1211 3644 1288 3687 cum
1297 3623 1422 3710 campis
1434 3623 1528 3688 silvis

314 3727 417 3813 pratis
437 3725 567 3812 pascuis
588 3745 663 3790 cum
692 3726 843 3790 omnibns
871 3727 913 3791 od
944 3748 979 3792 se
1008 3727 1247 3811 pertinentibus
1268 3777 1277 3793 .
1300 3736 1340 3791 nt
1368 3725 1529 3812 quidquid

315 3825 433 3891 exindo
447 3846 541 3911 cgere
561 3823 703 3888 volueris
723 3823 857 3889 bbemm
872 3825 992 3889 trabeas
1014 3824 1184 3888 arbitrium
1204 3824 1349 3889 donandi
1364 3826 1400 3890 in
1414 3833 1474 3888 tuo
1487 3823 1533 3889 sit

316 3934 498 4011 potestate.
514 3943 693 4007 numquam
709 3944 768 3987 nos
782 3923 979 4008 heredesque
999 3933 1126 3986 nostros
1142 3922 1209 3986 ullo
1228 3931 1375 4008 tempore
1389 3971 1398 3987 .
1412 3931 1527 3988 contra

314 4025 400 4089 hauc
415 4023 620 4088 donationem
635 4042 704 4086 esse
719 4032 872 4086 venturos
886 4023 973 4107 quod
988 4022 1106 4105 siquis
1125 4023 1345 4105 praesumserit
1358 4021 1394 4086 in
1410 4041 1528 4106 magna

317 4123 370 4188 vei
385 4125 421 4187 in
435 4122 562 4186 modico
583 4121 768 4204 inrumpere
784 4121 846 4198 ,sit
865 4129 1033 4205 separatus
1052 4120 1094 4183 ab
1115 4120 1204 4183 omni
1224 4120 1380 4184 societate
1399 4118 1530 4184 christi·

317 4242 452 4288 anorum
467 4230 500 4285 et
516 4221 550 4283 in
565 4219 713 4284 examine
728 4269 735 4283 .
751 4219 889 4283 districti
908 4220 1057 4303 justique
1071 4218 1192 4301 judicis
1206 4219 1450 4301 praesumtionis
1463 4238 1531 4282 rure

319 4341 448 4406 prauam
470 4319 635 4382 incurrat.
650 4315 692 4380 ad
707 4318 802 4400 cujus
821 4318 989 4382 cumulum
1010 4315 1223 4380 nihilominus
1242 4315 1409 4380 firmitatis
1430 4323 1532 4380 tates

319 4417 518 4504 conpetenti⁵
541 4436 675 4480 numero
696 4430 736 4479 ut
757 4416 995 4481 subscriberent
1018 4415 1202 4500 rogavimus
1220 4463 1228 4478 .
1251 4424 1286 4478 et
1312 4413 1376 4499 ipsi
1398 4414 1529 4499 signnm

319 4525 438 4583 sancte
453 4514 557 4579 crucis
572 4513 807 4598 inpmsemnr.

369 4678 555 4742 ¹1n8.cals.
670 4675 835 4737 'Ostenta
951 4672 1193 4736 ’theatinum
1304 4669 1530 4736 ‘lunaind-

318 4754 757 4826 ‘eamearn-uma&
