3816 5258
250 350 421 435 enyott]
625 364 1083 417 nnomrormcrruenc
1389 298 1488 419 tit.

251 531 324 589 tum
360 521 461 588 fuisse
497 528 625 589 eonem
669 570 680 587 .
738 522 943 608 Quapropter
986 522 1064 608 quin
1110 523 1227 585 notum
1273 523 1326 585 est
1369 518 1458 605 qnod

251 629 312 687 tue
346 618 487 686 illustris
522 619 603 686 fides
636 619 736 705 petiit
781 641 801 685 e
845 620 940 688 nobis
983 627 1024 686 ut
1066 618 1130 685 tibi
1175 615 1297 703 scripto
1343 615 1459 683 confir·

253 740 417 785 maremus
457 768 465 783 .
508 719 740 785 monasterium
793 719 918 786 domini
962 716 1065 785 nostri
1109 714 1216 784 Jhuu
1259 712 1381 781 christi
1421 712 1460 780 in

256 817 395 884 Glastou
415 865 424 882 .
446 816 697 882 Westsarouum
719 817 811 903 regni
833 817 869 882 in
894 838 959 903 qno
984 814 1179 882 monasterio
1205 832 1371 880 servorum
1394 811 1461 880 Dei

257 912 465 1000 congregacio
479 920 552 979 est.
565 916 660 999 cujus
679 921 767 981 terre
789 915 831 981 ad
853 917 1055 1002 octingentas
1076 914 1172 979 hides
1192 918 1404 979 numerantur
1422 911 1462 977 in
1525 954 1528 959 -

256 1013 371 1078 multis
385 1012 561 1098 provinciis
573 1020 608 1079 et
627 1013 710 1078 locis
730 1014 834 1097 posite
856 1015 941 1079 sicut
962 1013 1114 1099 Egiricius
1136 1032 1194 1077 rex
1217 1030 1347 1077 omnem
1368 1008 1462 1076 illem

255 1123 374 1179 terrem
389 1111 560 1196 descripsit
575 1133 652 1178 cnm
668 1112 793 1196 judicio
815 1122 849 1178 et
871 1114 1007 1178 licencia
1030 1109 1197 1177 Brithrici¹
1218 1109 1304 1195 regis
1328 1112 1461 1175 etcum

257 1212 395 1279 licencia
420 1215 455 1277 et
478 1212 665 1275 testimonio
691 1211 886 1277 Merciorum
915 1211 1138 1296 episcoporum
1166 1214 1200 1274 et
1221 1207 1406 1293 principum
1426 1213 1464 1273 et

221 1318 230 1331 '
259 1311 347 1377 sicut
360 1316 474 1394 postea
488 1307 647 1373 Kenulio²
660 1309 729 1395 regi
742 1310 937 1374 lilerciorum
953 1329 1064 1374 omnes
1078 1307 1136 1373 ille
1154 1315 1240 1371 terre
1253 1304 1374 1390 scripto
1387 1324 1463 1371 con·

259 1410 386 1473 firmate
400 1413 479 1473 sunt
492 1406 565 1471 ideo
578 1408 816 1473 concessionem
830 1407 921 1471 illam
936 1427 1047 1492 regum
1061 1406 1283 1490 episcoporum
1297 1410 1332 1469 et
1344 1402 1463 1489 princi·

262 1529 342 1593 pmn
357 1527 432 1572 cum
447 1506 708 1571 corroborocione
720 1506 804 1591 regis
819 1505 1014 1571 Merciomm
1036 1500 1184 1570 Kenulli²
1198 1522 1274 1568 cnm
1289 1501 1465 1587 apostolico
1524 1572 1530 1583 ,
1558 1496 1561 1501 ’

264 1607 380 1672 robore
402 1611 437 1671 et
457 1604 649 1668 auctoritate
669 1604 897 1669 confirmamus
919 1604 979 1668 tibi
1002 1602 1162 1669 Kenelme
1176 1606 1211 1667 et
1225 1600 1464 1667 successoribus

260 1709 327 1773 tuis
341 1704 575 1771 monasterium
585 1705 710 1770 scilicet
720 1704 820 1770 libere
831 1705 1060 1789 inperpetuum
1070 1701 1212 1769 habendi
1226 1722 1302 1767 cum
1315 1701 1465 1769 omnibus

258 1806 349 1870 villis
363 1814 398 1870 et
412 1804 499 1887 agris
512 1804 548 1867 in
562 1802 677 1868 multis
698 1804 885 1888 regionibus
906 1803 1021 1869 divisis
1042 1822 1117 1869 cnm
1138 1800 1290 1866 omnibus
1310 1801 1406 1867 rebus
1425 1800 1469 1869 ed

260 1908 323 1971 hoc
336 1904 575 1989 pertinentibus
588 1903 683 1969 siliis
696 1904 798 1989 protis
820 1913 855 1970 et
875 1906 1004 1989 pascuis
1025 1912 1060 1970 et
1084 1903 1224 1989 piscium
1243 1903 1388 1988 capturis
1406 1902 1471 1969 hac
1595 1904 1600 1913 '

262 2008 452 2074 condicione
474 2013 511 2070 nt
533 2006 792 2088 frequententur-³
811 2006 983 2071 luminaria
1009 2026 1115 2072 coram
1136 2006 1209 2071 Deo
1231 2012 1266 2070 et
1287 2003 1471 2090 spirituales
1518 2014 1521 2019 '

264 2116 380 2172 cantus
396 2112 429 2171 et
443 2103 561 2189 psalmi
574 2111 608 2169 et
621 2106 721 2169 misse
735 2096 908 2170 cantentur
922 2112 956 2170 et
970 2105 1139 2170 concordia
1153 2105 1225 2169 sine
1238 2102 1469 2169 simulacione.

263 2205 352 2268 Hinc
367 2204 456 2268 enim
471 2203 626 2287 scriptum
641 2210 693 2267 cst
706 2202 742 2266 in
756 2203 954 2287 ewaiigelio.
976 2210 993 2237 “
1003 2203 1143 2269 Domus⁴
1166 2222 1239 2268 mea
1261 2201 1377 2267 domus
1398 2221 1470 2266 ore·

263 2302 362 2365 tionis
385 2300 571 2366 uocabitur’
591 2350 601 2363 .
638 2301 798 2378 Quocirca
819 2300 905 2365 serii
930 2300 995 2366 Dei
1016 2302 1073 2385 qui
1095 2301 1131 2365 in
1151 2300 1214 2366 hac
1234 2299 1305 2365 vite
1324 2297 1472 2364 laborent
1492 2380 1497 2389 ι

262 2398 403 2465 “(1ε1)ειιι’
418 2400 533 2465 diatim
546 2420 622 2464 curn
636 2400 754 2464 timore
769 2399 880 2463 diuino
892 2406 997 2463 totum
1008 2398 1175 2483 spirituale
1186 2398 1328 2464 officinm
1337 2396 1472 2482 implero

265 2506 304 2563 ut
318 2499 445 2582 possint
458 2498 589 2563 domino
602 2508 714 2561 nostro
728 2497 750 2560 J
752 2497 832 2561 hesu
847 2497 976 2562 Christo
991 2497 1116 2581 placere
1131 2547 1140 2563 .
1182 2498 1341 2562 Pneteiue
1353 2494 1472 2561 consti·

268 2599 393 2662 tnimus
408 2619 483 2663 cuni
498 2597 675 2681 apostolico
689 2604 841 2679 precepto
856 2604 890 2659 ot
904 2594 964 2660 sub
979 2596 1095 2660 timore
1109 2594 1214 2660 divim
1224 2594 1343 2678 judicii
1355 2602 1390 2660 et
1409 2594 1472 2659 sub

269 2696 616 2760 exconmmnicocionis
630 2694 899 2759 interminacione
913 2713 955 2757 ne
969 2693 1057 2758 ullus
1071 2714 1128 2759 rex
1144 2698 1201 2757 eut
1214 2691 1473 2777 archiepiscopus

269 2804 327 2857 aut
342 2794 512 2877 episcopus
527 2799 585 2856 aut
598 2793 750 2876 princeps
765 2799 821 2855 aut
844 2791 981 2875 alicujus
1003 2792 1173 2877 potestatis
1193 2791 1290 2857 homo
1311 2790 1473 2857 exultatus

269 2891 338 2955 sive
354 2892 388 2955 in
403 2893 518 2976 majori
532 2890 645 2955 ordine
659 2891 730 2955 sive
745 2892 780 2954 in
795 2891 912 2954 minori
933 2890 996 2955 istu
1018 2898 1127 2955 nostra
1148 2889 1324 2975 apostolica
1344 2890 1474 2957 decreta

269 2989 429 3054 uiolenter
443 2990 601 3073 infringat
613 2995 674 3054 out
687 2989 816 3052 minuat
829 2996 880 3053 set
900 2989 1003 3074 magis
1025 2988 1227 3054 decernimus
1250 2995 1289 3053 ut
1312 2988 1474 3073 prelatum

272 3092 507 3155 monasterium
529 3092 659 3155 finnum
681 3141 690 3157 .
711 3100 747 3156 et
768 3091 883 3156 stabile
908 3092 945 3155 in
969 3091 1078 3156 omnia
1101 3100 1247 3176 tempora
1267 3096 1475 3175 perseveret.

315 3190 410 3266 Quod
426 3190 454 3254 si
469 3189 717 3274 quilibet⁵quod
733 3210 798 3254 non
813 3198 962 3274 optumus
973 3190 1035 3255 ista
1046 3197 1197 3274 precepta
1207 3196 1317 3255 nostru
1327 3188 1474 3256 debilite-

270 3288 356 3351 rcrit
381 3288 463 3353 sciat
487 3310 521 3353 sc
543 3290 652 3374 ipsum
673 3310 732 3373 pcr
753 3290 976 3354 auctoritatem
999 3287 1122 3353 donnni
1144 3289 1234 3353 Petri
1258 3288 1475 3373 apostolorum

276 3385 434 3469 principis
459 3388 806 3452 excommunicacionis
831 3387 984 3452 vinculis
1009 3387 1174 3452 irretitum
1194 3395 1229 3453 et
1249 3408 1270 3451 o
1290 3406 1388 3473 regno
1410 3387 1476 3453 Dei

273 3492 469 3551 extorrem.
502 3486 697 3569 Quicunque
732 3506 808 3551 vero
837 3486 979 3551 tenuerit
1007 3491 1041 3551 et
1067 3486 1257 3551 servaverit⁷
1280 3486 1344 3551 iste
1366 3493 1475 3551 nostra
1540 3544 1544 3549 .
1658 3479 1665 3494 ⁸

272 3582 446 3663 apostolica
463 3584 591 3648 decreta
606 3585 687 3647 sciat
702 3604 737 3649 se
751 3584 964 3668 promeruisse
986 3583 1246 3649 benediccionem
1267 3583 1476 3668 apostolicum

268 3690 303 3747 et
317 3691 462 3751 eternam
477 3687 578 3749 uitam
592 3707 613 3749 a
627 3686 839 3751 misericordi⁸
853 3694 994 3750 creatore
1007 3693 1140 3751 nostro.

314 3786 402 3851 llata
417 3809 474 3871 per
488 3810 604 3853 manns
619 3788 787 3853 Eustachii
802 3789 975 3872 primiccn'i
990 3789 1187 3883 notariorum
1202 3836 1211 3853 .
1226 3808 1337 3854 mense
1351 3788 1476 3855 Marcio

272 3882 449 3951 indictione
459 3886 695 3951 torciacum-0⁹
705 3886 758 3952 die
768 3886 900 3951 Marcii.
911 3886 1105 3951 Continuata
1117 3906 1175 3970 per
1183 3906 1301 3951 manns
1311 3886 1477 3953 Pascbalie

271 3986 407 4051 senioris
421 3995 456 4052 et
469 3988 645 4053 consiliarii
659 3989 834 4072 apostolico
848 3987 934 4053 sedis
948 3995 1100 4071 regnante
1111 3988 1241 4052 domino
1252 3996 1361 4053 nostro
1370 3988 1476 4055 Jheen

275 4082 404 4149 Christo
418 4106 492 4150 cum
507 4088 579 4151 Deo
593 4092 685 4171 putre
700 4108 759 4171 per
772 4088 898 4151 infinita
914 4086 1020 4151 secula
1035 4136 1042 4149 .
1058 4087 1156 4151 tercio
1171 4106 1256 4150 onno
1275 4106 1334 4170 pcr
1353 4086 1477 4152 miseri·

272 4182 415 4246 cordiam
431 4184 492 4249 Dei
506 4196 646 4269 papatus
660 4185 785 4249 domini
800 4187 900 4250 nostri
922 4186 1037 4249 Leonis
1059 4185 1094 4248 in
1116 4191 1227 4249 sancta
1249 4189 1284 4249 et
1304 4184 1478 4269 apostolice

278 4284 353 4349 sede
369 4287 474 4350 suncti
488 4287 578 4350 I’ctri
590 4335 600 4352 .
611 4295 646 4351 ct
660 4288 759 4351 etiam
771 4308 826 4370 per
834 4287 1003 4352 licenciam
1018 4288 1139 4351 domini
1154 4286 1269 4351 Karoli
1284 4286 1477 4352 ancomm

318 4443 328 4475 ¹
346 4446 439 4509 Bribt,
451 4445 486 4495 Η.
601 4448 613 4479 ⁸
631 4448 740 4508 neno-t,
754 4446 789 4497 G.
913 4446 925 4478 ²
941 4449 1160 4513 Fimqnenturent,
1171 4445 1219 4507 0.;
1234 4447 1279 4507 ibi,
1290 4446 1381 4508 uldel,
1391 4444 1427 4496 Θ.
1440 4443 1476 4497 Η.

271 4526 280 4554 ⁸
297 4524 392 4575 natm
404 4526 569 4587 ui,1³,etae.
668 4526 680 4555 ⁸
697 4528 780 4587 Quare
791 4527 813 4575 si
824 4526 954 4590 quislibet,
966 4526 1003 4577 G.
1098 4525 1110 4557 ⁸
1126 4527 1244 4588 vinculo,
1260 4524 1296 4576 G.
1392 4523 1404 4557 ²
1419 4526 1477 4577 δσ-
1530 4532 1534 4541 “

271 4604 393 4666 carito-
492 4604 712 4669 'corneo-ii.
810 4604 1038 4669 ’Oetaeae-H.
