3816 5258
391 356 455 406 nn.
470 344 560 427 745]
773 361 935 413 sornrcr
954 365 998 415 ro
1019 365 1221 418 mnnnrnn
1481 312 1484 318 Ι
1522 350 1590 420 247
1706 343 1709 349 ’

385 676 467 745 rra
490 677 596 741 rece
610 680 815 762 essaeus,
829 681 1023 767 Anum
1036 685 1240 767 osorem
1254 692 1285 749 ιο
1300 683 1470 749 ursmare
1487 686 1593 770 (ron,

749 782 788 864 os
798 782 846 846 tte
859 783 1041 867 Maean).
1084 802 1148 850 nn.
1164 785 1238 854 745.
1287 832 1291 839 -

437 926 579 990 Domino
591 926 761 992 karissimo
775 933 810 992 et
822 929 857 992 iu
873 928 994 994 Christi
1007 952 1116 996 amore
1131 914 1257 998 ceteris
1266 933 1397 1017 regibus
1410 933 1592 1017 Anglorunr
1694 955 1698 963 ·

393 1024 590 1106 praeferendo
604 1024 846 1089 Ernsmsrnos
862 1027 1075 1093 Boxnrrcrus
1093 1030 1351 1115 archiepiscopus
1371 1031 1497 1115 legatus
1511 1031 1592 1097 Ger·

395 1120 541 1184 ruanicus
552 1121 704 1186 Romanae
718 1123 858 1188 ecclesiae
869 1133 1073 1209 ‚perpetuam
1084 1128 1120 1190 in
1132 1129 1262 1193 Christo
1276 1130 1419 1194 caritatis
1433 1130 1593 1196 salutem.

440 1217 637 1283 Confitenrur
657 1240 764 1284 coram
786 1220 879 1297 Deo,
897 1223 973 1306 quia
987 1226 1117 1307 quando
1131 1228 1374 1310 prosperitatem
1396 1235 1536 1292 vestram
1558 1234 1594 1293 et

395 1315 492 1379 fidem
522 1323 556 1380 et
576 1317 660 1380 bona
689 1339 785 1401 opera
812 1320 962 1384 audimus
981 1325 990 1382 Ξ
1011 1321 1161 1386 lactamur
1189 1373 1197 1386 .
1226 1324 1368 1407 quando¹
1389 1325 1514 1408 aliquid
1536 1324 1594 1389 ed·

396 1432 524 1476 versum
554 1413 606 1478 vel
635 1415 670 1478 in
700 1422 819 1480 eventu
847 1416 1004 1481 bellorum
1032 1419 1088 1482 vel
1116 1420 1156 1484 de
1177 1420 1320 1503 periculo
1343 1422 1523 1485 animarum
1552 1420 1594 1486 de

395 1510 487 1575 vobis
509 1513 728 1594 cognoscimus
745 1518 753 1573 Ξ
772 1514 960 1577 tristamur.
974 1515 1171 1580 Audirimus
1192 1517 1280 1580 enim
1301 1517 1389 1600 quod
1410 1517 1595 1582 elemosinis

395 1607 542 1673 intentus
556 1657 562 1672 .
578 1610 665 1673 furta
679 1617 712 1674 et
726 1609 855 1693 rspinus
869 1610 1020 1694 prohrbes
1040 1662 1049 1675 .
1063 1621 1099 1676 et
1119 1633 1230 1696 pacem
1252 1613 1383 1697 diligis.
1398 1620 1433 1678 et
1446 1613 1596 1677 defensor

396 1705 566 1768 viduarum
588 1712 622 1770 et
642 1726 820 1789 pauperum
842 1727 878 1771 es
899 1711 909 1767 t
931 1713 966 1772 et
987 1708 1064 1773 inde
1085 1710 1157 1774 Deo
1178 1710 1298 1793 gratias
1319 1710 1445 1794 egimus
1467 1759 1476 1773 .
1499 1708 1595 1786 Quod

397 1823 472 1866 vero
498 1802 679 1887 legitimum
702 1804 942 1868 matrimonium
966 1807 1093 1888 spernis
1114 1811 1123 1867 t
1147 1806 1175 1870 si
1200 1827 1258 1890 pro
1280 1807 1429 1872 castitate
1450 1808 1597 1873 faceres.

396 1909 482 1964 esset
503 1900 665 1965 laudabile
686 1949 694 1965 .
718 1902 781 1966 Sed
802 1903 879 1985 quia
898 1904 935 1966 irr
955 1904 1088 1968 luxurie
1108 1913 1143 1969 et
1163 1906 1199 1969 irr
1221 1903 1379 1969 adulterio
1400 1903 1499 1968 etiarn
1521 1925 1597 1969 cnm

397 1999 694 2063 sanctimonialibus
709 1999 886 2066 volutaris!
900 2008 952 2065 est
973 2002 1187 2086 vituperabile
1209 2012 1244 2068 et
1268 2002 1475 2086 dampnabile
1490 2002 1597 2066 nem

397 2106 432 2162 et
457 2100 576 2162 famam
598 2099 705 2182 gloriae
727 2109 843 2165 vestrse
868 2122 976 2166 coram
997 2104 1070 2167 Deo
1090 2109 1126 2167 et
1147 2103 1334 2167 hominibus
1355 2101 1528 2166 confundit
1540 2150 1549 2165 .
1563 2109 1600 2166 et

398 2198 484 2261 iuter
498 2196 664 2261 idolatras²
678 2200 847 2263 constituit
859 2205 869 2261 Ξ
883 2202 961 2285 quie
975 2200 1134 2286 templum
1149 2202 1212 2266 Dei
1228 2200 1357 2264 violasti
1372 2249 1380 2264 .
1395 2200 1600 2284 Quapropter

399 2296 446 2359 fili
467 2295 630 2359 carissime
651 2296 783 2378 prenite’
804 2344 812 2360 .
834 2303 869 2361 et
880 2318 1059 2362 memorare
1080 2320 1179 2383 quarn
1202 2307 1296 2383 turpe
1318 2299 1363 2362 sit
1384 2301 1393 2359 t
1415 2307 1455 2361 ut
1477 2304 1516 2361 tu
1541 2297 1597 2380 qui

399 2393 512 2456 multis
525 2393 678 2478 gentibus
690 2393 774 2457 dono
788 2394 852 2458 Dei
865 2395 1060 2460 domineris.
1079 2397 1120 2459 ad
1135 2397 1287 2479 injuriam
1301 2397 1373 2478 ejus
1394 2396 1439 2459 sis
1452 2394 1601 2459 libidinis

399 2511 540 2555 servus.
564 2491 761 2554 Andirimus
782 2501 937 2575 paeterea
956 2494 1044 2576 quod
1066 2495 1237 2578 optimates
1257 2515 1340 2578 pene
1360 2513 1471 2557 omnes
1493 2493 1601 2576 gentis

399 2589 595 2653 Marciorum
610 2637 618 2653 .
632 2595 690 2653 tuo
715 2589 863 2674 exemplo
878 2590 1040 2674 legitimus
1058 2612 1175 2655 uxores
1195 2592 1345 2656 deserant
1360 2597 1369 2650 t
1385 2598 1420 2654 et
1438 2589 1601 2654 adulteras

399 2697 434 2749 et
463 2686 722 2750 sanctimoniales
747 2695 954 2772 constuprent
981 2737 991 2752 .
1018 2688 1114 2765 Quod
1136 2710 1234 2772 quarn
1260 2690 1304 2752 sit
1328 2687 1533 2772 peregrinum
1558 2685 1601 2750 ab

400 2784 568 2849 honestate
582 2789 590 2844 ἐ
605 2784 717 2848 doceat
738 2805 797 2850 vos
818 2786 931 2849 alienae
951 2786 1058 2868 gentis
1079 2786 1242 2849 institutio
1268 2835 1277 2852 .
1300 2785 1387 2850 Nam
1408 2785 1445 2847 in
1466 2783 1602 2866 antiqua

403 2883 545 2948 Saxonis
559 2882 616 2945 ubi
630 2883 721 2945 nulla
736 2890 786 2946 est
807 2884 929 2948 Christi
949 2882 1112 2966 cognitio.
1127 2884 1155 2946 si
1174 2883 1264 2967 virgo
1281 2884 1316 2946 in
1334 2889 1468 2966 paterna
1482 2878 1602 2945 domo.

401 2982 455 3047 vel
469 2983 620 3045 maritata
634 2982 695 3045 sub
710 2982 845 3065 conjuge
860 2982 958 3045 suerit
972 2982 1155 3045 udidterata
1168 2985 1176 3042 Ξ
1191 3002 1290 3044 manu
1312 2979 1442 3064 proprie
1456 2986 1603 3061 strangu·

402 3081 503 3146 latam
518 3089 662 3145 cremant
676 3129 683 3143 .
699 3085 733 3144 et
746 3101 844 3164 supra
857 3082 976 3144 fossam
991 3079 1126 3165 scpultae
1141 3087 1358 3162 corruptorem
1377 3074 1604 3161 suspendunt.

403 3188 461 3244 uut
476 3179 701 3261 cingulotenus
715 3179 860 3243 restibus
878 3179 1028 3243 abscissis
1044 3229 1051 3242 .
1066 3178 1232 3261 flagellant
1245 3198 1317 3242 eam
1338 3181 1434 3240 castae
1448 3182 1604 3237 matronae

402 3286 436 3342 et
451 3277 591 3340 cultellis
617 3282 788 3359 puugrmtt
803 3283 838 3340 ct
855 3275 895 3341 de
911 3276 990 3339 rille
1011 3277 1047 3338 in
1062 3276 1175 3339 sillam
1198 3276 1304 3339 nrissae
1321 3278 1494 3337 occurrunt
1512 3291 1605 3335 notra

403 3374 625 3458 flagellatrices
640 3372 742 3437 donec
755 3374 944 3438 interimant
958 3424 966 3438 .
983 3374 1121 3457 insuper
1135 3379 1169 3437 et
1182 3372 1328 3436 Winedi⁴
1341 3369 1429 3453 quod
1443 3378 1493 3434 ent
1506 3367 1605 3432 fedis·

404 3474 522 3535 simum
537 3491 638 3554 genus
652 3470 820 3533 hominum
830 3470 919 3535 hunc
933 3470 1055 3534 habent
1064 3475 1201 3533 morem!
1215 3479 1253 3533 ut
1267 3468 1385 3532 mulier
1393 3467 1463 3530 viro
1476 3472 1606 3530 mortuo

404 3590 438 3633 se
453 3569 489 3632 in
504 3589 578 3651 rugo
592 3568 727 3630 cremati
740 3568 859 3650 puriter
872 3589 983 3632 arsura
994 3569 1174 3652 praecipitet
1188 3618 1196 3631 .
1209 3567 1244 3630 Si
1258 3586 1331 3648 ergo
1345 3563 1483 3648 gentiles
1496 3563 1606 3627 Deum

405 3667 587 3749 ignorantes
606 3672 735 3728 tantum
755 3664 860 3729 relunr
879 3666 1076 3730 mstimoniae
1098 3666 1220 3729 habent
1233 3670 1242 3723 Ξ
1257 3663 1337 3747 quid
1350 3662 1412 3726 tibi
1431 3660 1583 3725 convenit

405 3764 454 3827 lili
476 3763 643 3826 karissime
660 3810 668 3826 .
684 3764 741 3845 qui
756 3763 960 3827 Christianus
974 3771 1008 3827 ct
1023 3783 1081 3827 rcx
1096 3768 1152 3826 es!
1172 3783 1267 3847 parce
1286 3782 1362 3845 crgo
1383 3759 1499 3823 anima
1520 3764 1586 3822 tuse

405 3880 500 3943 parca
525 3858 728 3922 multitudini
757 3861 869 3944 populi
891 3911 899 3925 .
924 3869 984 3925 tuo
1008 3860 1174 3944 pereuntis
1196 3859 1345 3943 exemplo
1370 3907 1378 3921 .
1402 3856 1443 3920 de
1468 3875 1606 3940 quorum

405 3958 574 4021 animabus
600 3957 782 4021 redditurus
801 3980 836 4022 es
853 3960 1010 4023 mtioncm
1026 4009 1034 4023 .
1049 3958 1194 4022 Attende
1211 3968 1245 4022 ct
1260 3956 1343 4020 illud
1357 4007 1365 4020 .
1381 3953 1469 4040 quod
1483 3953 1513 4017 si
1526 3972 1606 4036 gens

405 4055 585 4139 Anglorum
611 4055 696 4119 sicut
716 4056 751 4118 in
773 4056 930 4120 Francia.
948 4066 982 4121 et
1004 4057 1103 4120 Italia
1117 4106 1125 4120 .
1140 4067 1174 4119 et
1195 4057 1237 4119 ab
1259 4055 1338 4137 ipsis
1359 4052 1492 4136 paganis
1514 4049 1608 4114 nobis

406 4156 639 4237 improperatur
654 4203 661 4217 .
677 4154 793 4237 spretis
812 4154 965 4237 legitimis
987 4155 1200 4218 matrimoniis
1219 4174 1277 4236 per
1298 4151 1455 4215 adulteria
1469 4147 1606 4242 defluit}

407 4254 568 4316 nascitura
583 4273 624 4316 ex
639 4251 696 4315 tali
711 4253 938 4317 commixtione
952 4254 997 4317 sit
1004 4274 1084 4337 gens
1095 4254 1212 4334 igneve
1226 4300 1233 4314 .
1248 4258 1282 4314 et
1293 4250 1357 4313 Dei
1368 4245 1584 4329 contemptrix

461 4425 471 4459 ¹
489 4427 592 4487 Autem,
603 4427 686 4477 added
697 4426 724 4477 in
732 4443 802 4477 seme
812 4428 894 4489 uss,
906 4425 941 4477 Η.
955 4425 989 4477 8.
1071 4425 1083 4457 ²
1099 4425 1257 4486 Idololrtm,
1269 4421 1305 4473 Η.
1402 4418 1415 4452 ⁸
1431 4419 1559 4470 Panitaeet
1572 4423 1609 4478 te,

407 4509 811 4572 mdpunitcreinromellffl„
825 4505 860 4558 Η.
958 4498 1609 4567 (Τὶοπίυεάἱωὼῗὶιωῐῃωὼωὰς

409 4592 459 4640 but
471 4590 580 4640 u'ilrim
590 4592 676 4641 writes
686 4591 702 4615 ⁸·
709 4591 778 4654 epod
790 4590 903 4657 ren',
913 4587 949 4641 Η.
