3676 5294
246 315 316 365 ao.
332 295 423 383 838]
658 310 805 361 mouera
825 310 868 362 cr
888 307 1070 361 nuceram
1271 306 1276 313 ·
1357 256 1361 261 ⁵
1385 284 1454 353 598

248 678 323 743 423.
346 678 496 743 coruom
517 690 558 740 or
579 675 764 741 Krsosrou.
810 676 918 742 &aaa
931 678 970 765 by
982 676 1127 759 eqcrtt,
1140 674 1233 759 Kisa
1244 676 1286 759 os
1300 674 1353 741 ac
1371 674 1456 741 Ua

381 775 511 849 Streorm
524 781 555 837 to
574 774 623 837 tlte
643 794 688 837 sce
708 776 747 857 of
771 774 970 850 Wiaolmstca
984 777 1023 858 cs
1032 774 1113 839 aaz
1136 781 1173 839 aa
1192 772 1350 838 Soealdcn
1364 772 1457 857 flat.
1512 816 1515 821 -

380 894 417 936 or
431 871 587 957 blmlflcet,
601 871 630 936 I.
645 872 685 955 cs
712 872 826 956 qud.
871 888 935 939 an.
950 873 1027 938 838.
1086 872 1174 937 Witu
1182 873 1458 957 coqfinuta'm's

383 989 446 1039 aa.
469 973 544 1039 839.
1286 980 1289 984 ’

420 1102 562 1168 Dorou¹
582 1102 753 1167 Ecaramr
775 1119 873 1168 accrs
891 1120 935 1167 or
954 1104 1130 1169 Soram
1151 1120 1301 1171 mors.
1327 1170 1332 1179 ,

298 1240 466 1324 Regnante
498 1238 533 1301 iu
563 1246 755 1321 perpetuum
778 1237 910 1302 domino
934 1231 1044 1303 nostro
1065 1239 1172 1305 chsu
1191 1238 1323 1305 Christo
1346 1240 1459 1307 omnia

202 1360 205 1365 ·
254 1344 377 1403 statuta
414 1337 557 1420 priorum
586 1335 853 1418 praedecessorum
888 1346 1070 1401 nostrorum
1106 1337 1242 1421 apcibus
1273 1337 1460 1405 attentam

254 1434 480 1499 commendata
505 1442 582 1499 sunt
597 1438 669 1506 tac
688 1434 723 1497 in
743 1444 908 1518 postemm
929 1433 1085 1499 oblivioni
1106 1436 1228 1501 tradita
1248 1436 1461 1521 ignorentur.

301 1534 505 1616 Quapropter
529 1552 587 1617 ego
618 1532 779 1597 Bactrum
808 1532 913 1617 gnatia
937 1533 999 1597 Dei
1024 1532 1266 1599 occidentiliam
1290 1533 1461 1599 Suouum

256 1653 314 1695 rex
335 1630 398 1694 hoc
415 1631 614 1695 innotescere
636 1630 745 1694 curari
760 1632 848 1714 quod
867 1631 1103 1715 aliquantulam
1124 1640 1219 1697 terrac
1239 1640 1367 1716 partem
1379 1652 1463 1699 merc

257 1728 395 1814 proprias
410 1727 598 1792 hereditatis
613 1728 648 1791 in
663 1728 780 1793 chra
796 1728 903 1794 insula
918 1729 980 1794 hoc
999 1738 1050 1795 est
1071 1746 1122 1794 au
1144 1731 1321 1795 80me
1335 1746 1463 1797 tamn

257 1877 266 1892 .
296 1843 373 1891 ur..
403 1826 527 1890 habens
556 1833 696 1890 cassatos
729 1847 803 1890 cum
833 1827 967 1901 consilio
995 1848 1015 1911 3
1044 1827 1231 1893 testimonio
1266 1829 1464 1913 optimatum

259 1950 404 1994 meorum
430 1949 488 2012 pro
509 1948 565 2012 spe
579 1934 706 1992 aterna
728 1929 1037 2012 remunerationis]
1060 1929 1233 1994 criminum
1256 1928 1462 1995 absolutionc

260 2029 302 2092 ad
317 2028 426 2093 sedem
438 2026 650 2110 episcopalem
660 2027 1003 2091 ll'rnrnucssramsrs
1017 2026 1168 2092 aeeclesia
1178 2027 1221 2091 ad
1230 2027 1467 2111 possesionem

261 2135 451 2213 perpetuam
474 2126 607 2209 largitus
631 2146 703 2189 sum
715 2172 724 2189 .
738 2146 776 2190 ea
797 2135 906 2191 tamen
933 2125 1117 2190 conditione
1138 2120 1331 2211 interposita
1342 2125 1467 2190 uthac

261 2224 493 2310 praenominata
503 2222 633 2287 donatio
642 2223 734 2287 firma
744 2224 1044 2308 permaneatquod
1052 2222 1260 2309 AEbelpulius
1272 2222 1362 2289 tilius
1374 2232 1470 2289 meus

264 2343 391 2405 sempor
416 2321 614 2403 inposterum
640 2322 789 2385 stabilem
812 2322 1101 2406 inconcussamque
1129 2322 1307 2386 amicitiam
1337 2320 1382 2385 ab
1410 2320 1470 2387 illc

264 2421 412 2505 episcopo
443 2418 594 2482 lidbuno²
619 2440 642 2501 ·]
669 2420 813 2502 ejusdem
850 2420 1095 2505 congregatione
1124 2418 1278 2503 paedicte
1314 2418 1472 2486 acclesiae

264 2518 382 2582 habeat
403 2567 411 2579 .
434 2538 454 2599 3
477 2517 518 2580 ab
539 2517 688 2583 omnibus
712 2517 947 2583 successoribus
968 2519 1039 2601 ejus
1067 2518 1129 2583 hoc
1146 2518 1233 2584 idem
1253 2518 1473 2603 patrocinium

263 2636 302 2679 ac
337 2615 570 2699 pmtcctioncm
606 2614 697 2679 illius
727 2616 812 2681 sedis
843 2616 912 2700 ipse
934 2637 954 2700 ῃ
976 2615 1140 2681 hereditas
1168 2624 1280 2681 nostra
1302 2616 1473 2701 nostrique

263 2713 397 2777 heredes
411 2713 596 2796 quicunque
614 2714 677 2777 Dei
691 2713 871 2779 voluntatis
887 2714 1006 2778 fuerit.
1022 2713 1109 2798 quod
1123 2712 1175 2777 illi
1189 2713 1308 2779 sintin
1320 2714 1476 2779 omnibus

263 2811 509 2877 necessitatibus
524 2813 642 2875 uostris
664 2812 785 2896 absquo
807 2814 897 2876 omui
919 2812 1122 2877 dubitatione
1143 2820 1360 2895 spontaneum
1381 2832 1475 2897 para·

265 2921 401 2995 tumque
420 2909 584 2974 amicabili
606 2931 714 2975 amore
740 2910 911 2975 inveniant
932 2960 941 2974 .
963 2911 991 2975 si
1007 2918 1118 2975 autem
1142 2909 1263 2993 aliquis
1278 2910 1368 2993 qaod
1388 2910 1477 2975 absit

264 3011 364 3094 hujus
385 3010 571 3094 praescripte
595 3009 680 3074 sedis
701 3010 860 3093 dignatate
882 3008 1052 3093 praditus³
1065 3016 1179 3073 contra
1192 3007 1288 3071 illum
1298 3018 1335 3073 et
1346 3006 1476 3073 heredi·

266 3117 368 3174 tatem
383 3118 525 3173 nostram
547 3116 736 3193 nostrosque
758 3108 892 3173 heredes
906 3107 1064 3173 inimicali
1078 3108 1248 3193 questione
1261 3108 1299 3171 in
1312 3106 1424 3193 aliqua
1437 3106 1476 3175 td

265 3208 422 3293 preliatur
444 3256 452 3272 .
474 3215 660 3291 permutant
682 3207 767 3272 hanc
789 3207 997 3271 donationem
1019 3227 1039 3288 3
1062 3206 1177 3271 reddat
1197 3205 1240 3270 ad
1261 3206 1477 3271 hereditatem

266 3316 409 3371 nostram
436 3355 443 3369 .
470 3307 625 3389 quatinus
655 3307 841 3390 quicunque
867 3326 939 3370 eam
965 3305 1026 3369 sub
1055 3312 1217 3389 potestate
1244 3304 1479 3369 domirmtionis

266 3407 385 3469 lrabeat
407 3403 627 3468 defensionem
651 3413 749 3487 atque
774 3404 948 3467 tuitionem
973 3424 994 3465 a
1018 3402 1201 3485 cuicunque
1229 3400 1356 3465 homini
1380 3408 1481 3485 prout

267 3507 413 3570 invenire
428 3504 550 3569 valeat.
561 3506 645 3570 Cum
658 3505 742 3569 hanc
757 3504 990 3587 praenominata
998 3512 1082 3567 term
1092 3504 1268 3587 comparat⁴
1282 3505 1480 3587 Jrequirat.

268 3606 413 3689 duasque
443 3603 617 3686 scripturus
640 3624 697 3687 por
726 3603 836 3667 omnia
865 3602 1049 3666 consimiles
1077 3601 1177 3684 hujus
1206 3601 1480 3669 reconciliationis

269 3704 469 3770 conscribere
488 3703 661 3765 statuimus
679 3752 686 3766 .
707 3701 841 3766 alteram
864 3702 982 3766 habeat
999 3701 1169 3785 episcopus
1184 3722 1260 3766 cum
1274 3701 1481 3788 telligrapbis

268 3802 422 3868 ecclesie.
437 3801 572 3864 alteram
588 3800 731 3884 Eglerht
744 3810 779 3865 et
793 3800 953 3865 AEbcluli
967 3820 1058 3883 reges
1072 3820 1147 3863 cum
1161 3799 1353 3865 hereditatis
1366 3820 1480 3867 eorum

268 3900 460 3985 scripturis.

312 4002 433 4064 Actum
458 4008 507 4061 est
528 3996 650 4062 autem‘
672 3996 832 4061 dondnice
853 3994 1102 4061 incamationis.
1118 4004 1218 4059 ucoc⁰
1230 4043 1238 4059 .
1252 4010 1340 4059 xxxo
1352 4044 1362 4061 .
1376 4012 1477 4063 vms.

268 4100 321 4165 lris
350 4098 490 4162 testibus
518 4097 794 4161 consentientibus
819 4095 877 4179 qui
902 4095 986 4159 hauc
1010 4103 1153 4159 nostmm
1179 4094 1475 4162 reconciliationem

269 4219 344 4264 cum
360 4198 452 4281 signo
468 4205 577 4260 sancte
593 4196 697 4259 enrcis
715 4194 837 4259 Christi
851 4196 1078 4258 continuantes
1093 4193 1353 4277 subscripserrmt
1366 4194 1402 4259 iu
1417 4196 1475 4261 illo

270 4297 407 4363 larnoso⁰
421 4295 490 4360 loco
504 4294 561 4378 qui
575 4293 759 4378 appellatur
773 4294 950 4378 Ciugcstun
965 4294 1000 4357 in
1015 4292 1143 4377 regione
1158 4291 1317 4357 sudreie.

318 4436 329 4469 ¹
345 4435 415 4486 ‘risle
426 4434 546 4497 omitted,
559 4430 594 4484 Κ.
725 4432 737 4464 ¹
753 4434 846 4497 hau,
858 4432 894 4483 Κ.
1025 4432 1037 4466 ⁸
1054 4430 1089 4483 Κ.
1103 4438 1163 4495 -tu,
1174 4430 1208 4481 Α.
1323 4434 1338 4465 ⁴
1352 4442 1429 4499 eut,
1442 4434 1480 4489 Κ.

271 4514 551 4585 ⁸[ann01addedK.
672 4512 1479 4581 ‘illaiamosacrigiaallffibuttbedmlcinnelrwordu

272 4602 395 4669 puaetaed.
406 4601 459 4650 aad
469 4617 484 4649 ο
495 4601 598 4650 written
608 4599 730 4662 ormline,
740 4597 775 4648 Α.

324 4680 436 4731 ror-t
1292 4676 1353 4737 QQ
