3816 5258
242 342 254 391 ·.
293 344 357 397 au.
375 329 465 418 erp]
520 368 526 377 ·
696 352 844 403 courcn.
864 352 908 403 or
928 350 1108 405 cromano.
1425 352 1489 419 52⁹

287 506 322 565 et
332 522 512 588 numquam
523 507 697 573 necverbis
708 507 825 575 domne
836 528 927 593 pupae
937 528 998 573 uec
1009 509 1133 575 cesam
1144 532 1200 577 seu
1211 512 1489 605 alteriuselieujm

287 601 388 683 gradu
399 601 465 666 huc
475 604 510 666 in
522 606 658 689 patriam
669 607 787 671 iterum
797 607 968 691 recipisse.
981 607 1044 671 nisi
1054 606 1117 673 hoe
1126 612 1305 678 consentire
1315 614 1489 683 uoluisset.

286 697 349 763 hoc
364 702 520 784 estquod
540 703 629 767 illam
648 711 767 769 terram
787 714 830 771 aet
851 706 969 788 lognes
990 702 1119 771 homme
1142 755 1150 770 .
1175 724 1236 773 ccc
1258 758 1266 774 .
1289 714 1489 783 manentium
1525 740 1528 745 ¹

286 796 501 863 reddidisset.
517 801 676 884 istamque
690 804 862 887 pecuniam
876 801 1063 867 tradidisset
1077 852 1085 867 .
1100 819 1168 867 cxx
1182 854 1190 869 .
1204 804 1358 872 librarum
1369 811 1443 887 ,sed
1455 818 1490 879 et

288 894 344 958 ille
364 898 535 980 episcopus
555 899 640 963 hauc
662 902 957 965 reconciliationem
981 899 1039 963 diu
1060 920 1228 967 recussans
1250 914 1488 995 spontaneaque
1593 956 1597 963 -

288 993 457 1059 voluntate
471 997 603 1060 omuino
617 998 727 1062 insons
741 1000 854 1063 nolens
869 998 1073 1074 consentire,
1088 999 1146 1063 sed
1164 1006 1272 1065 tamen
1287 1002 1487 1073 tauduudem

288 1112 354 1175 pue
375 1093 438 1156 ista
458 1114 555 1177 supra
573 1095 671 1159 dicta¹
691 1096 911 1179 increpatione
930 1095 1116 1177 rapacitatis
1136 1102 1170 1159 et
1184 1098 1265 1183 'fuge
1282 1106 1410 1167 coactus
1428 1102 1489 1171 huc

288 1190 476 1256 condicione
496 1191 580 1256 lianc
603 1194 894 1258 reconciliationem
917 1194 963 1257 sic
984 1193 1108 1257 imitus
1132 1199 1295 1260 consensit
1315 1222 1325 1261 .·
1344 1204 1383 1262 ut
1400 1201 1489 1265 omni

287 1284 448 1370 potestate
463 1290 728 1374 oboedientiaque
742 1312 816 1374 quac
830 1291 871 1353 ad
887 1290 976 1354 illius
991 1289 1204 1374 episeqnlem
1222 1292 1330 1358 sedem
1349 1296 1489 1379 pertiue-

288 1386 368 1449 hant
378 1387 475 1469 juxta
490 1390 678 1453 auctoritem
692 1390 810 1473 gradus
826 1389 897 1470 ejus
916 1388 1033 1471 digmus
1052 1389 1194 1453 fuisset.
1216 1391 1301 1455 sieut
1319 1392 1488 1475 praedeces·
1568 1398 1574 1409 '

288 1505 374 1549 sores
396 1486 468 1568 ejus
482 1487 582 1568 ‘juxta
600 1488 722 1569 justam
744 1488 891 1551 ordinem
914 1487 948 1549 in
969 1486 1118 1569 pristinis
1133 1488 1330 1571 temporibus
1343 1499 1489 1577 auteper

288 1583 398 1647 omnia
417 1583 619 1660 habuerant,
641 1586 696 1649 sed
721 1593 755 1648 et
778 1584 903 1667 hocque
927 1584 984 1648 ille
1007 1604 1063 1647 rex
1084 1585 1241 1670 Coeupuli
1262 1586 1322 1651 illo
1343 1588 1489 1673 episeopo

288 1681 509 1745 reconciliavit
520 1733 528 1746 .
540 1691 578 1746 ut
592 1684 735 1746 omnium
751 1683 1008 1767 supradictarum
1023 1681 1304 1765 sueggillationum
1319 1685 1488 1751 discordia·

288 1799 426 1861 rumque
441 1779 602 1845 insontem
615 1788 651 1849 ‚et
665 1802 813 1845 securum
832 1787 945 1844 contra
964 1780 1082 1844 domne
1103 1800 1209 1863 papan
1224 1781 1354 1847 fecisset
1367 1832 1375 1848 .
1389 1784 1489 1850 autri

288 1876 350 1941 hoc
365 1878 469 1942 lacere
484 1898 549 1942 non
566 1880 723 1961 potuisset
738 1879 830 1941 illam
845 1878 1016 1961 pecuniam
1039 1876 1138 1961 qu0d²
1159 1878 1190 1943 ei
1211 1877 1352 1945 dedisset
1371 1881 1488 1947 iterum
1518 1896 1521 1901 ·
1559 1916 1563 1923 ·
1591 1914 1597 1921 ·

288 1976 438 2059 episeopo
461 1976 571 2039 omma
593 1976 812 2052 reddidisset,
836 1977 893 2040 sed
916 1975 997 2039 nihil
1019 1975 1117 2058 hujus
1132 1975 1278 2041 condicte
1294 1976 1488 2045 condicionis

289 2074 461 2156 impletum
476 2084 548 2137 est.
572 2075 626 2137 scd
648 2074 717 2137 luec
738 2072 905 2138 continuo³
927 2074 1035 2136 omnia
1058 2072 1169 2137 lalluta
1191 2082 1269 2138 sunt
1289 2123 1297 2137 .
1319 2074 1396 2159 quia
1415 2084 1501 2160 post'
1616 2154 1621 2161 Ι

289 2174 402 2239 eadem
425 2175 716 2239 reconciliationem
739 2176 844 2239 tribus
859 2175 953 2237 annis
970 2174 1104 2256 integris
1123 2182 1166 2237 ret
1186 2174 1399 2258 Submynstre
1419 2184 1486 2241 tum
1513 2181 1519 2192 '

289 2272 322 2334 in
338 2280 434 2355 pastu
450 2281 484 2335 et
505 2273 641 2355 pecunia
663 2273 929 2354 vestimentisque
951 2291 989 2335 ac
1010 2272 1099 2334 orrrni
1121 2271 1321 2335 oboedientia
1343 2292 1426 2356 quae
1446 2272 1488 2337 ud
1562 2330 1565 2335 .

288 2370 379 2432 illam
402 2371 705 2454 archiepiscopalem
727 2370 836 2434 sedem
859 2370 1042 2453 pertinebat
1062 2368 1133 2432 sine
1154 2369 1242 2431 omni
1263 2369 1381 2433 honore
1403 2368 1488 2435 iruu-

289 2466 386 2532 datus
400 2478 450 2531 est
461 2517 468 2531 .
480 2468 616 2553 aliisque
631 2470 665 2531 in
681 2468 759 2532 locis
774 2468 980 2551 perplurimis
994 2466 1084 2530 illius
1097 2467 1267 2550 parochiae
1280 2467 1488 2533 inhonoratus

289 2572 364 2642 est,
1340 2620 1343 2627 .

332 2665 463 2727 Postea
478 2685 553 2727 vero
573 2665 707 2747 contigit
725 2672 763 2726 ut
783 2664 819 2726 in
839 2662 1038 2745 temporibus
1055 2660 1192 2744 predicti
1210 2660 1390 2745 Beornpulli
1405 2660 1488 2745 regis

288 2761 329 2825 ad
352 2760 507 2844 illamque
527 2762 800 2844 praenominatam
823 2760 984 2842 synodum
1007 2768 1061 2822 aet
1082 2757 1289 2822 Cloieshoum
1311 2756 1368 2821 ille
1386 2758 1489 2821 melti-

288 2864 601 2947 episcopusUullred
612 2864 868 2946 Cpoenilryhnrm
878 2862 1071 2924 abbatissam
1080 2860 1230 2924 heredem
1240 2857 1402 2944 Coenpulfi
1413 2879 1502 2925 cum·
1577 2896 1581 2903 ·

288 2966 399 3029 eadem
414 2966 593 3029 hereditate
608 2964 697 3028 illius
712 2964 873 3026 invitabat
888 3013 895 3026 .
918 2962 1238 3044 emendationemque
1259 2960 1322 3024 sibi
1343 2960 1487 3025 omnium

289 3065 546 3146 supradictarum
578 3064 798 3126 molestiarum
820 3062 1079 3142 injuriarumque
1100 3059 1279 3142 postulauit
1301 3108 1309 3134 ‚
1330 3078 1410 3142 quas
1430 3058 1487 3124 ille

287 3161 372 3225 idem
388 3182 444 3225 rex
461 3162 620 3247 Coenpuls
631 3162 739 3224 sibiet
755 3160 908 3223 ecclesiae
924 3158 1046 3222 Christi
1060 3157 1097 3221 ric
1112 3157 1279 3241 porochine
1293 3156 1362 3238 ejus
1376 3156 1487 3239 iniqua

287 3260 445 3341 pmvitate
462 3268 673 3342 perpetrasset-
689 3260 795 3333 ,Tunc
811 3278 885 3320 uero
897 3256 1002 3318 omnis
1014 3255 1070 3318 ille
1085 3254 1224 3337 synodus
1240 3254 1280 3317 ad
1291 3252 1486 3337 aequitatem

287 3357 482 3420 invenerunt
505 3358 656 3439 huncque
679 3356 838 3438 judicium
862 3354 1016 3416 unanimo
1037 3372 1192 3415 consensu
1219 3350 1486 3416 constituerunt.

288 3456 373 3536 quod
389 3455 438 3518 illi
461 3456 610 3538 episcopo
632 3454 763 3517 reddere
785 3452 893 3514 omnia
916 3450 1080 3514 debuisset
1101 3448 1187 3532 quod
1203 3447 1355 3511 iiolentia
1374 3446 1484 3511 abstu-

287 3550 369 3617 lerat
386 3602 395 3617 .
410 3554 445 3617 in
462 3554 611 3617 omnihus
626 3553 719 3616 rebus
735 3552 854 3635 quihus
869 3570 944 3612 cum
959 3548 1068 3630 aliqua
1083 3546 1200 3629 injuria
1218 3546 1252 3608 in
1275 3546 1362 3609 omni
1380 3544 1485 3629 spatio

286 3648 343 3711 illa
359 3650 496 3734 spoliata
513 3652 617 3714 iuerat
630 3650 812 3713 stulterum
828 3647 966 3709 similem
982 3653 1106 3728 partem
1126 3644 1167 3705 ud
1191 3643 1250 3707 hoc
1271 3642 1376 3725 ipsum
1396 3640 1483 3721 adje-

287 3751 395 3816 cisse.
420 3764 453 3816 et
477 3774 605 3815 omnem
630 3773 724 3813 usum
747 3748 934 3813 emendasse
955 3747 1013 3830 qui
1040 3747 1073 3808 in
1100 3744 1169 3826 ipsa
1195 3743 1299 3827 spatio
1323 3742 1484 3805 confractu

287 3848 416 3925 fuerat,

329 3946 460 4010 Postea
476 3956 585 4011 antem
607 3947 731 4030 placuit
753 3943 946 4028 Beornpulso
968 3942 1034 4023 regi
1057 3960 1113 4023 pro
1135 3937 1276 4001 amicitia
1295 3934 1482 3999 hereditatis

287 4042 451 4127 Coenpulli
478 4046 562 4127 regis
588 4046 781 4126 heredesque
811 4043 901 4105 illius
924 4061 997 4104 curn
1020 4039 1087 4100 suis
1109 4034 1306 4118 sapientibus
1327 4031 1385 4095 illo
1409 4050 1481 4114 pre-

285 4141 450 4203 nominato
474 4143 712 4224 archiepiscopo
736 4143 869 4203 istarum
892 4137 1144 4220 supradictanun
1169 4152 1273 4195 rerum
1298 4127 1481 4192 reconcilia·
1598 4154 1603 4161 ·

286 4238 406 4301 tionem
423 4251 454 4303 et
471 4242 726 4304 emendationem
742 4238 988 4321 diligentissime
1005 4236 1106 4295 faeere
1128 4228 1320 4293 decrevisset
1343 4273 1350 4289 .
1374 4225 1480 4289 humi·

284 4333 374 4419 lique
396 4360 501 4422 praece
524 4340 714 4423 deposcebat
736 4347 774 4400 ut
795 4337 872 4399 huic
894 4330 1149 4397 reconciliatione
1163 4347 1221 4410 pru
1242 4342 1348 4387 amore
1362 4322 1425 4385 Dei
1445 4329 1481 4386 et

333 4518 343 4550 ⁸
360 4521 523 4585 supradicta,
534 4522 567 4573 Β.
617 4521 628 4553 ’
644 4540 670 4587 q,
679 4520 731 4582 Α.;
746 4537 834 4585 quum,
847 4517 882 4568 Η.
940 4517 951 4547 ³
966 4530 1037 4574 -urun,
1046 4501 1310 4566 alendas-num
1326 4518 1395 4564 mus,
1405 4499 1478 4553 Eii-

284 4597 296 4629 4

312 4600 443 4749 eff?
456 4603 490 4655 R
1284 4679 1310 4728 n
1325 4678 1352 4727 rr
