3816 5258
369 386 433 437 ao.
449 365 541 452 798]
772 383 916 434 oourcrr.
936 385 978 433 er
998 384 1176 435 morrono
1511 368 1578 431 too

370 539 562 623 subscripsit
576 538 758 604 Abelardus
771 540 1030 627 archiepiscopus
1044 560 1120 607 curn
1133 591 1141 606 .
1156 556 1208 605 xn
1222 590 1230 607 .
1245 539 1428 625 episcopis.
1447 543 1483 603 et
1502 534 1578 609 xx'.

370 640 463 705 urbm.
479 637 652 725 abbatibus
665 639 808 723 exceptis
822 638 896 703 aliis
909 640 1047 706 dirersis
1061 638 1229 704 ordinibus
1243 646 1278 704 et
1290 636 1466 722 gradibus.

724 788 1233 843 [ΑῙΠΚΜΜΜᾸΚΜΟ.

375 1231 448 1295 291.
471 1229 624 1295 Couxcn.
646 1244 687 1292 or
709 1229 892 1295 Cuorrsuo.
936 1232 1110 1296 sciturum
1132 1234 1171 1316 by
1192 1234 1388 1319 Arebbidop
1401 1232 1581 1296 Aetoliam

506 1329 548 1409 os
555 1327 604 1390 ric
619 1327 820 1392 Morursicrics
833 1330 871 1410 os
883 1328 1038 1403 emeram,
1051 1351 1089 1392 or
1105 1331 1268 1406 coci-lura..
1281 1353 1322 1394 co
1338 1330 1443 1405 Baka,
1457 1330 1527 1393 aad
1545 1330 1587 1411 os

506 1427 684 1507 Pectuncyc,
696 1448 736 1488 oo
750 1427 800 1489 ihc
812 1426 926 1490 Acras
940 1426 1144 1510 Opacdra'tlra,
1159 1430 1197 1491 io
1217 1430 1369 1511 exchanyc
1380 1430 1441 1511 sor
1460 1427 1582 1491 cauis
1634 1410 1638 1415 ⁵

507 1524 604 1586 lorido
617 1524 654 1586 io
670 1523 764 1588 Koa
806 1540 869 1588 mn.
886 1524 960 1591 7⁹8.
1396 1528 1401 1537 “

390 1702 395 1709 -
423 1668 463 1746 ›1‹
488 1664 657 1747 Regnante
668 1664 906 1748 inperpetuum¹
922 1666 993 1729 Deo
1006 1672 1041 1729 ct
1054 1664 1185 1730 dourino
1201 1674 1308 1731 nostro
1318 1666 1424 1731 Jhesu
1435 1664 1565 1731 Christo
1622 1738 1627 1745 ,

378 1766 446 1847 Ego
461 1764 729 1827 Arnmrmurrs‘2
743 1764 831 1847 larga
845 1764 1076 1847 omnipotentis
1090 1765 1154 1829 Dei
1168 1764 1285 1847 gratia⁸
1299 1770 1466 1828 aunuente
1480 1764 1582 1828 Doro·

379 1865 547 1930 bernensis
561 1863 704 1928 ecclesia
723 1865 989 1948 metropolitanus
1003 1886 1078 1928 cum
1100 1866 1358 1949 prestantissima
1380 1885 1454 1949 rege
1474 1872 1585 1929 nostro

380 1964 519 2029 Cenulso
544 2011 553 2026 .
580 1982 760 2026 convocans
786 1963 954 2027 universos
979 1963 1195 2046 provinciales
1224 1964 1391 2048 episcopos
1419 1970 1546 2027 nostros
1574 2012 1584 2028 .

380 2061 479 2125 duces
499 2070 532 2125 ct
548 2060 683 2125 abbates
704 2110 712 2124 .
734 2068 768 2125 ct
789 2064 1010 2145 cujuscunque
1031 2060 1219 2145 dignitates
1237 2062 1346 2126 viros.
1367 2060 1411 2124 ad
1431 2060 1589 2125 sinodalo‘

380 2159 557 2225 concilium
573 2160 608 2222 in
622 2158 729 2223 locum
745 2161 803 2243 qui
818 2160 1033 2224 nominat-ur.
1048 2160 1225 2225 eiorusuo
1239 2209 1248 2225 .
1263 2160 1317 2223 Ibi
1331 2158 1471 2223 sollicito
1484 2158 1527 2223 ab
1540 2160 1588 2223 cio

381 2258 539 2322 scmtinio
556 2305 564 2320 .
579 2257 779 2340 quesivimus
800 2258 941 2341 qualiter
956 2257 1042 2341 apud
1057 2278 1111 2321 eos
1126 2258 1206 2322 fides
1220 2256 1380 2321 catholica
1392 2256 1589 2323 haberetur.

382 2364 417 2421 et·
431 2353 593 2439 quomodo
609 2355 784 2419 christiana
799 2355 912 2439 religio
926 2363 1129 2419 exerceretur
1143 2403 1151 2417 .
1189 2355 1265 2419 Hiis
1278 2354 1511 2437 inexquisitis
1524 2374 1591 2419 nuc

382 2458 529 2520 omnium
545 2477 624 2521 voce
639 2458 686 2521 ita
699 2477 888 2541 responsum
904 2464 955 2521 est
970 2507 977 2521 .
992 2464 1011 2489 “
1021 2456 1144 2519 Notum
1159 2455 1203 2519 sit
1218 2455 1407 2539 lntemitsti
1427 2462 1493 2520 uate
1512 2456 1592 2541 quit

383 2556 469 2619 sicut
491 2555 645 2637 primitus
660 2575 678 2618 a
694 2564 802 2619 sancto
826 2555 971 2619 Remmia
987 2562 1021 2619 et
1034 2553 1211 2637 apostolica
1225 2554 1300 2618 sede
1315 2553 1499 2618 beatissimo
1508 2574 1591 2639 popo

385 2653 541 2735 Gregorio
555 2652 715 2735 dirigente
730 2662 860 2717 exarata
875 2662 925 2716 est
939 2656 947 2711 Ξ
963 2652 1010 2715 ito
1025 2650 1186 2715 credimus
1208 2700 1215 2715 .
1238 2658 1273 2715 et
1292 2650 1380 2734 quod
1402 2650 1563 2715 credimus
1581 2654 1593 2713 t

385 2750 508 2833 absque
546 2750 758 2832 ambiguitate
795 2759 955 2834 quantum
992 2769 1164 2832 possumus
1199 2769 1348 2814 exercerc
1377 2749 1592 2831 satagimus”.
1665 2764 1669 2771 '

386 2848 563 2932 Postquam
574 2857 684 2912 autem
695 2869 792 2932 super
801 2848 865 2912 hiis
877 2848 1008 2912 uberius
1017 2855 1191 2911 tractatum
1204 2855 1254 2921 est
1264 2898 1272 2910 .
1281 2846 1329 2910 ita
1342 2846 1449 2910 exorsi
1463 2866 1595 2911 sumus.

386 2945 640 3010 “Necessarium
656 2953 706 3010 est
723 2996 730 3009 .
747 2946 862 3011 fratres
885 2944 1062 3009 karissimi⁰
1084 2944 1235 3009 eeclesias
1257 2942 1321 3007 Dci
1342 2950 1378 3008 ct
1398 2942 1596 3009 venerabiles

387 3044 473 3107 viros
494 3044 552 3126 qui
572 3045 641 3125 jam
664 3043 768 3107 multo
782 3054 926 3127 tempore
941 3053 1098 3107 terramnr
1114 3042 1284 3125 dispendio
1305 3092 1313 3105 .
1334 3047 1370 3105 et
1390 3040 1596 3107 obsumcione

339 3182 343 3188 ·
388 3141 648 3224 cirographomm
664 3141 890 3206 miserabiliter
904 3141 1130 3205 laborarenmt
1144 3189 1151 3204 .
1164 3139 1346 3223 corrigere”.
1389 3137 1468 3202 Hiis
1481 3137 1597 3211 dictis!

388 3238 521 3322 prolata·
537 3254 615 3302 sunt
639 3240 867 3321 inscripcioncs
890 3238 1076 3302 monasterii
1099 3236 1185 3321 quod
1208 3246 1342 3301 vocatur
1363 3234 1542 3301 Coccutrt'
1561 3235 1597 3299 in
1653 3272 1657 3277 ·

389 3336 533 3400 medium
550 3346 773 3419 terrarumque
789 3337 851 3400 sibi
867 3336 1091 3415 adjacencium
1114 3387 1121 3399 .
1156 3335 1251 3411 Quod
1273 3333 1425 3398 videlicet
1439 3338 1597 3397 monaste

390 3434 474 3495 rium
498 3483 505 3495 .
529 3453 603 3495 cum
628 3433 777 3497 omuibus
799 3434 840 3496 ad
863 3433 946 3497 illud
973 3434 1212 3516 pertinentibus
1237 3432 1362 3496 terris.
1386 3450 1442 3495 rex
1467 3428 1598 3493 inclitus

391 3531 586 3593 Mcreiarum
603 3530 831 3595 Athclbaldus⁸
846 3532 990 3595 ecclesia
1005 3530 1174 3594 saluatoris
1190 3581 1197 3593 .
1212 3551 1285 3613 quic
1306 3529 1369 3593 sita
1391 3527 1498 3592 estin
1519 3526 1618 3591 civi.

391 3638 458 3689 tatc
480 3628 678 3691 Imrobemia
702 3629 792 3691 dedit
807 3677 814 3692 .
829 3642 931 3711 utque
949 3629 1039 3692 illius
1060 3628 1194 3691 donacio
1213 3625 1472 3710 perseverancior
1485 3624 1598 3690 fieret!

392 3745 432 3788 ex
455 3725 567 3787 eadem
592 3735 674 3789 terra
688 3728 840 3809 cespitem
856 3735 908 3790 ,ct
924 3736 1057 3790 cunctos
1068 3726 1195 3789 libellos
1206 3724 1442 3807 praememomti
1455 3722 1600 3791 cenobii.

395 3842 452 3903 per
478 3823 695 3887 venerabilem
726 3826 831 3887 virum
863 3824 1080 3889 cuthbertum
1110 3823 1386 3905 archiepiscopum
1415 3820 1506 3883 misit
1532 3869 1541 3884 .
1565 3826 1602 3887 et

395 3940 492 4002 super
511 3920 613 3985 altare
629 3922 797 3985 mirator-is
812 3944 869 4005 pm
884 3931 1039 4005 perpetua
1054 3941 1110 3983 sun
1127 3920 1232 3985 salutc
1242 3920 1318 4003 poni
1329 3918 1499 4002 pnrccpit.
1537 3916 1601 3981 Sed

395 4028 468 4098 post
483 4030 619 4081 mortem
637 4021 763 4101 profati
787 4020 949 4102 pontificis
964 4019 1092 4082 easdam
1108 4018 1337 4100 inseripciones
1351 4066 1359 4079 .
1374 4014 1531 4079 Dailieah
1545 4064 1553 4079 .
1567 4023 1602 4081 et

396 4114 597 4198 Osber[tu]s⁹
620 4138 701 4199 (puis
725 4118 810 4181 idern
837 4118 982 4199 pontifex
1008 4116 1157 4179 alumnos
1183 4116 1350 4179 nutrivit}
1373 4112 1516 4204 maligno
1536 4113 1602 4177 acti

396 4213 511 4295 spiritu
544 4214 643 4276 iurati
674 4224 783 4277 suut.
814 4224 845 4276 ct
885 4213 1022 4277 Cunulio
1052 4215 1119 4295 regi
1150 4210 1408 4277 Occiderrtaliurn
1439 4210 1602 4273 Saxonum

396 4309 585 4373 detulerunt
603 4358 611 4373 .
628 4322 662 4372 at
678 4310 733 4373 ille
748 4312 908 4393 accipiens
925 4312 1036 4374 statim
1052 4311 1236 4373 testimonia
1251 4309 1433 4372 litterarum
1449 4357 1457 4371 .
1471 4306 1603 4390 praedic·

447 4460 455 4491 ¹
474 4460 595 4525 lrnperp„
610 4461 642 4511 Β.
657 4461 691 4511 Κ.
830 4464 842 4494 ¹
860 4463 1036 4519 Athellardua,
1050 4459 1095 4520 B.;
1111 4460 1204 4521 AEo'et,
1217 4458 1251 4508 Κ.
1393 4456 1404 4488 ⁸
1420 4456 1472 4505 Gn
1483 4492 1490 4506 .
1503 4456 1559 4517 Dei,
1571 4452 1604 4506 Β.

397 4540 409 4570 ⁸
424 4540 474 4601 Sir,
487 4542 541 4591 MS.
707 4541 718 4570 ⁸
735 4542 806 4606 Syra,
820 4542 852 4592 8.
868 4541 902 4591 Κ.
1057 4541 1068 4571 ⁸
1085 4542 1170 4595 char„
1184 4538 1216 4589 Β.
1231 4538 1266 4588 Κ.
1412 4535 1424 4567 ¹
1442 4536 1560 4596 Gothum,
1572 4534 1605 4585 Β.

398 4619 410 4649 ¹
425 4619 522 4681 ΕΜ,
536 4619 572 4669 Κ.
672 4622 683 4653 ⁰
700 4623 782 4683 Oob'r,
794 4620 840 4681 Α.;
857 4623 991 4681 Ochertru,
1004 4619 1037 4671 Β.
1050 4619 1086 4671 Κ.
