3816 5258
252 384 315 434 nn.
331 367 421 454 824]
676 382 823 433 conam
843 384 885 433 or
905 320 1111 438 mareson
1241 334 1244 339 ’
1379 380 1446 451 51¹1

251 540 405 607 abbatum
429 540 487 624 qui
511 539 582 606 illic
607 537 957 622 congregetiad'tuee
978 542 1129 607 disseruit
1148 544 1234 628 qnod
1254 544 1311 613 ille
1331 548 1447 617 fahsst

249 640 378 721 injuste
393 638 595 722 aliquantula
610 637 722 721 agillo¹
736 638 894 720 spoliatus
908 690 916 703 .
931 640 967 705 id
981 647 1031 705 est
1044 642 1133 706 verbi
1146 643 1269 726 gretia.
1285 660 1339 711 1111
1352 694 1363 713 .
1375 668 1446 713 are-

251 746 371 801 trorum
387 736 422 799 in
437 735 494 800 illo
509 736 579 799 loco
593 735 651 819 qui
666 734 787 798 dieitur
801 750 852 799 aer
868 736 1100 822 Orsepannll‘,
1113 759 1210 822 quam
1223 741 1448 809 duosam

251 856 357 899 comes
380 836 512 917 ejusque
538 854 627 897 soror
652 833 828 897 sensnum
853 833 1114 919 abbatissn’post
1135 835 1204 901 dies
1228 836 1447 923 emigrationis

252 928 361 999 eorum
375 954 432 1017 pro
447 934 517 1013 ejus
530 931 663 995 amabili
679 932 824 995 alnicitia
839 931 874 995 in
896 933 1127 1014 possessiouem
1147 935 1307 1019 propriam
1326 936 1447 1005 hahen-

254 1030 326 1094 dam
342 1038 375 1094 ct
388 1029 613 1112 possidendam
629 1028 830 1111 feliciterque
845 1028 880 1092 in
894 1028 964 1093 dies
979 1030 1048 1113 ejus
1063 1032 1448 1121 perimendumpoetque

253 1129 322 1193 dies
333 1129 403 1211 ejas
412 1128 602 1209 cuicumque
617 1127 648 1189 ei
663 1125 822 1209 placabile
837 1125 985 1189 fueritin
1000 1127 1223 1210 sempiternam
1238 1127 1448 1197 hereditatem

255 1227 540 1311 derelinquendum
555 1224 760 1289 tradiderunt
773 1233 807 1289 ct
822 1225 913 1308 signo
927 1226 1030 1289 crucis
1045 1225 1164 1291 Christi
1175 1226 1449 1312 subscripsenlnt‚

255 1326 318 1391 Sed
333 1334 405 1409 post
419 1326 561 1408 spatium
576 1323 730 1407 teluporis
740 1324 849 1387 evenit·
860 1332 896 1385 ut
908 1322 965 1386 illa
975 1324 1099 1406 prelata
1109 1323 1282 1387 abbatissa’
1291 1324 1449 1410 seletrytt

256 1424 405 1508 nliguavit
419 1446 436 1487 e
451 1422 579 1487 sacculo
594 1473 603 1497 ,
617 1423 708 1486 Tunc
722 1420 780 1484 ille
796 1420 881 1484 idem
903 1422 1153 1504 praellominatus
1167 1420 1326 1487 Aldberht
1342 1424 1377 1488 in
1391 1422 1450 1493 illa

256 1523 376 1586 famosa
404 1521 597 1586 monasterio
622 1540 705 1603 quac
735 1519 920 1583 nominatur
945 1528 989 1583 aet
1013 1518 1232 1583 Folcanstanle
1255 1520 1338 1587 cum
1357 1522 1449 1586 testi·

256 1621 362 1683 monio
386 1619 513 1683 illorum
535 1618 706 1681 hominnm
729 1637 866 1699 quorum
888 1616 1019 1680 nomina
1045 1616 1079 1679 in
1102 1615 1159 1681 ille
1182 1616 1265 1681 libro
1288 1616 1450 1703 adscripto

255 1719 461 1783 continentur
473 1738 573 1799 quam
589 1717 622 1779 in
640 1714 813 1798 primordia
828 1714 1098 1779 reconciliationis
1118 1734 1227 1779 eorum
1246 1714 1379 1781 daturus
1399 1724 1451 1783 eet

256 1814 313 1879 illo
338 1815 439 1878 altera
464 1814 534 1877 lice
560 1813 594 1876 id
622 1814 729 1895 ipsam
755 1813 958 1876 confirmavit
981 1821 1015 1877 et
1039 1812 1249 1897 subscripsit,
1270 1812 1335 1879 Sed
1353 1813 1451 1896 juxte
1487 1836 1492 1843 ·

257 1933 413 1976 annorum
429 1910 596 1975 curriculis
611 1910 747 1993 contigit
762 1919 800 1973 ut
814 1909 871 1974 ille
886 1910 1028 1993 prelatus
1044 1930 1147 1974 eomes
1162 1910 1320 1975 Aldberht
1337 1931 1451 1995 repen·

258 2010 326 2071 lina
340 2016 442 2071 morte
457 2008 629 2071 defunctus
644 2020 695 2071 est
709 2057 717 2082 ,
732 2009 823 2070 Tunc
845 2018 953 2070 autom
975 2028 1070 2091 super
1090 2005 1172 2071 banc
1192 2006 1396 2073 donationem
1416 2015 1453 2073 et
1530 2084 1535 2089 ¹

257 2105 546 2169 reconciliationem
563 2105 684 2167 Osuuli
701 2126 806 2167 colucs
829 2105 1091 2189 propinquusque
1112 2105 1213 2188 ipsius
1234 2104 1454 2171 fraudulenter

258 2203 415 2285 accipiens
429 2203 549 2265 librum
566 2203 661 2265 istius
677 2203 891 2285 prenominati
911 2210 1002 2267 terne
1022 2210 1064 2267 ret
1086 2200 1287 2287 Ocscpalunl‘
1299 2210 1397 2285 atque
1416 2200 1452 2267 in

258 2301 417 2382 presentia
432 2300 671 2383 Quocnbrydao
687 2300 870 2363 abbatissae8
886 2301 1049 2383 totiusque
1073 2298 1212 2364 familiae
1225 2298 1315 2363 illins
1328 2318 1454 2365 montle-

258 2398 330 2460 terii
357 2398 443 2480 quod
465 2392 585 2463 dicitur
609 2399 819 2479 sublimator-⁴
843 2399 876 2461 in
904 2398 1003 2461 altaro
1026 2398 1174 2480 deposuit
1194 2446 1204 2473 ,
1225 2396 1372 2481 Cumque
1392 2395 1454 2463 hoe
1544 2448 1549 2453 -

258 2494 400 2559 audisset
414 2496 582 2578 episcopus
598 2496 762 2559 Continuo
777 2496 897 2579 legatos
913 2496 1001 2559 misit
1023 2497 1064 2559 ad
1087 2496 1336 2579 Quoerreryeam
1356 2494 1453 2561 abha-

258 2593 384 2656 tissam³
403 2593 556 2676 illamque
585 2594 741 2656 familiam
768 2601 812 2657 aet
836 2594 1049 2677 Sulinlynstre
1074 2592 1262 2676 obnixaeque
1283 2599 1397 2677 petens
1415 2596 1456 2655 nt

259 2691 391 2773 agilium
407 2691 499 2754 illum
514 2691 601 2773 quod
617 2692 645 2753 ci
662 2692 704 2753 ab
720 2692 899 2755 elaborato
915 2693 948 2754 in
970 2693 1130 2775 propriam
1151 2690 1361 2755 hereditatem
1379 2710 1454 2755 eon·

259 2808 383 2855 cessum
399 2797 446 2852 est
463 2790 608 2852 Reddere
624 2790 672 2851 illi
690 2789 876 2852 detulissent
892 2842 900 2864 ,
915 2792 961 2853 At
976 2790 1025 2852 illi
1041 2840 1048 2853 .
1065 2805 1300 2853 1111.annorum
1313 2789 1454 2873 spatium

260 2876 457 2969 negaverunt
471 2898 504 2950 ct
519 2901 632 2950 contra
654 2887 806 2951 dixerunt
823 2938 831 2962 ,
847 2888 984 2971 Insuper
1006 2888 1103 2951 ctiam
1126 2887 1263 2952 Unllred
1283 2886 1455 2971 archiepie-

260 3007 356 3069 copus
368 2981 621 3069 Quaenargvaam
634 2988 842 3051 abbatissam³
853 2989 1007 3071 illamque
1019 2989 1172 3052 sanliliam
1185 2995 1229 3052 aet
1243 2988 1455 3071 Sulimynstre

259 3105 331 3147 cum
347 3085 438 3148 libris
453 3086 679 3169 pra-nominati
695 3095 787 3149 terrae
803 3085 843 3149 all
864 3085 1018 3167 synodale
1040 3085 1211 3149 concilium
1232 3084 1399 3149 aoeershit
1418 3084 1455 3149 in

259 3185 503 3267 praesentiaque
518 3186 679 3247 senionlnl
697 3184 825 3247 illorum
850 3184 1127 3267 Quoendryileque
1149 3190 1182 3246 et
1203 3180 1307 3245 onmis
1327 3180 1454 3245 concilii
1477 3232 1480 3237 .

260 3301 385 3343 onmem
409 3281 552 3345 ordinem
578 3298 609 3345 ct
632 3284 800 3346 veritatem
825 3291 913 3361 geste
940 3283 985 3345 rei
1006 3281 1178 3364 explicavit
1198 3280 1454 3363 scripturamque

259 3378 439 3442 donationis
454 3389 487 3443 et
509 3382 780 3444 reconciliationis
800 3381 888 3443 illius
908 3382 948 3443 ad
971 3380 1139 3462 legendum
1162 3379 1325 3463 profereus
1338 3380 1386 3439 Aa
1404 3376 1455 3441 illi

260 3483 357 3539 testes
372 3478 428 3560 qui
443 3478 509 3540 illic
526 3491 691 3559 presentes
708 3481 796 3542 luere
812 3480 933 3542 scilicet
950 3479 1075 3562 Pcrnod
1090 3478 1244 3561 presbiter
1254 3484 1288 3540 et
1300 3474 1455 3540 anneot

258 3572 427 3656 Feologold
453 3576 613 3657 presbiter
638 3586 670 3637 et
696 3577 807 3639 abbas³
821 3587 918 3659 atquc
940 3575 1110 3639 Acholium
1133 3574 1288 3657 presbiter
1312 3571 1454 3655 proposi·

260 3678 378 3753 tusquc
393 3673 552 3735 veredica⁴
568 3682 601 3735 ct
618 3673 692 3736 risa
709 3694 786 3736 voce
802 3674 834 3736 id
851 3675 955 3757 ipsum
973 3673 1142 3735 contestati
1157 3679 1233 3735 sunt
1255 3669 1341 3753 quod
1354 3669 1455 3753 solip·

260 3780 331 3829 tura
347 3770 480 3832 callebat
496 3819 505 3845 ‚
519 3771 610 3834 Tunc
626 3786 735 3834 autem
752 3772 792 3835 aab
808 3771 864 3833 illo
880 3780 990 3833 sancto
1005 3770 1126 3852 syuodo
1148 3769 1243 3851 hujus
1258 3766 1454 3850 questiones*

256 3864 383 3946 justitia
407 3881 439 3929 et
463 3869 582 3931 veritas
608 3870 830 3931 exalninatunl
857 3884 906 3932 est
931 3876 964 3931 ct
988 3869 1029 3930 ab
1054 3866 1110 3929 illa
1133 3865 1343 3948 dijudicatum
1367 3861 1454 3946 quod

256 3968 381 4048 justum
397 3970 486 4033 fieret
502 3984 538 4033 ut
555 3970 612 4033 illo
627 3972 865 4054 archiepiscopo
880 3980 946 4032 trun
960 3970 1078 4032 liin-um
1092 3952 1187 4051 quam
1202 3986 1313 4048 agrum
1324 3962 1454 4027 reddere

260 4064 445 4129 debuissent
459 4068 515 4150 qui
531 4078 632 4131 testes
647 4069 795 4131 virentes
811 4089 908 4150 quam
923 4068 1112 4149 scripturam
1134 4064 1297 4127 habuisset
1312 4112 1320 4137 ,
1334 4062 1455 4125 Omnes

260 4182 360 4225 unum
376 4174 472 4247 atque
488 4167 574 4229 idem
597 4167 827 4229 concordantes
850 4176 880 4229 ct
904 4175 1087 4229 resultantes
1103 4214 1110 4237 ‚
1124 4164 1238 4244 Sicquc
1258 4158 1454 4241 completum

261 4269 309 4321 est-
325 4281 397 4324 culn
413 4284 570 4326 clnlsensu
592 4280 623 4327 et
647 4265 831 4327 testinnnlio
854 4264 953 4325 totius
975 4262 1087 4345 synodi
1112 4260 1166 4343 qui
1193 4259 1278 4321 llullc
1296 4255 1455 4338 judicium

262 4370 433 4422 sanxerunt
451 4375 481 4423 ct
502 4362 732 4448 judicaverunt
754 4378 782 4423 el
809 4363 899 4443 siguo
915 4374 1032 4421 saluta·
1054 4358 1155 4422 clla-is
1178 4354 1297 4419 Christi
1319 4351 1457 4436 propriis

313 4554 321 4585 ¹
340 4557 447 4606 Barnun·
459 4559 527 4617 here,
539 4560 593 4607 his
758 4560 768 4590 ¹
785 4560 838 4607 The
850 4574 862 4607 e
872 4559 939 4606 altor
949 4574 961 4606 s
971 4558 1072 4605 elnallcr
1083 4556 1145 4605 titan
1157 4554 1201 4603 the
1212 4552 1286 4601 other
1297 4551 1396 4605 letters,
1407 4548 1459 4599 and

264 4640 413 4707 sppsrentlp
424 4641 508 4690 eldad
519 4642 677 4705 aiuawarlhq
689 4640 744 4691 tls„
887 4638 898 4670 ¹
915 4639 989 4701 aaa,
1001 4639 1054 4689 lis,
1202 4634 1214 4663 ⁴
1228 4633 1279 4701 Sit,
1290 4632 1343 4685 ΠΕ.
