3816 5258
399 308 462 357 an.
478 292 567 378 742]
791 278 940 362 'coorcn
960 273 1001 362 or
1021 314 1196 363 cmrrsno.
1535 303 1600 366 233
1631 356 1635 364 .

402 616 475 680 162.
496 616 656 682 Sironar.
670 619 819 684 councn
832 635 872 684 or
887 622 1067 688 croi-asim.
1097 623 1130 686 Α
1143 631 1239 705 prom
1254 624 1293 706 by
1306 583 1499 702 aaronis,
1511 623 1604 707 Kioq

518 719 556 801 of
572 720 1140 808 uclscrciana‚os1²rivucqatotoe
1158 725 1288 790 corana
1332 727 1486 794 ami-12

448 859 489 937 ᾧ
513 855 680 939 Regnaute
692 858 725 920 in
742 853 931 941 perpetuum
946 859 1064 922 Decet
1081 859 1211 940 domino
1225 866 1337 924 nostro
1351 860 1457 925 Jlresu
1473 860 1603 927 Christo

403 973 488 1017 anno
518 975 594 1018 vcro
616 955 784 1020 dominice
817 957 1044 1021 incarnationis
1066 973 1197 1021 nccxuu
1219 1007 1228 1020 .
1251 958 1437 1023 Indictioue
1458 1009 1468 1024 .
1490 975 1514 1022 x
1535 1010 1544 1024 .
1569 967 1604 1023 et

403 1053 493 1136 regni
516 1053 703 1117 AEbelbaldi
725 1055 808 1138 regis
831 1055 1024 1118 Marciorum
1040 1105 1047 1119 .
1062 1071 1156 1118 >artur
1178 1105 1185 1119 .
1209 1055 1352 1138 synodus
1374 1065 1601 1140 congregatum

404 1151 512 1214 suerat
534 1152 569 1213 in
592 1151 663 1215 loco
686 1152 832 1236 cessebbi
861 1152 918 1216 ubi
946 1153 1128 1216 nominatur
1150 1154 1373 1243 Ccorrsuosl.
1396 1153 1437 1218 de
1466 1154 1604 1218 dirersis

404 1248 641 1333 ccclc[sia]rmn
657 1250 720 1314 Dei
735 1275 744 1330 3
764 1260 798 1314 et
811 1251 1030 1315 hutilitatibos
1042 1251 1224 1335 prasiteute
1234 1261 1343 1315 autem
1353 1252 1467 1316 eodem
1481 1253 1605 1336 synodo

404 1346 645 1412 AE'drcuanue's
659 1369 714 1412 rex
729 1369 803 1412 curn
819 1348 887 1412 sois
901 1348 1108 1432 optimatibus
1123 1369 1246 1412 necnon
1259 1348 1458 1414 Cutberhtus
1472 1370 1605 1414 venera·

405 1444 488 1509 biles
503 1445 784 1530 archiepiscopos.
804 1447 981 1530 ceterisque
1002 1447 1158 1530 episcopis
1172 1496 1179 1510 .
1195 1448 1224 1510 s¹
1239 1495 1403 1512 ......
1426 1448 1605 1511 necessaria

405 1542 579 1627 diligenter
598 1545 820 1608 examinantes
843 1544 883 1608 de
905 1554 991 1608 statu
1013 1544 1119 1623 totius
1127 1544 1372 1609 christianitatis
1394 1543 1448 1608 rel
1462 1545 1504 1608 de
1518 1566 1606 1628 sym·

406 1640 480 1704 bolo
501 1661 543 1705 ex
565 1643 700 1724 antiquo
723 1651 905 1705 sanctorum
926 1643 1055 1725 patrum
1077 1641 1338 1706 institutionibus
1359 1643 1513 1705 traditam
1536 1663 1606 1708 csse

406 1737 459 1802 rel
474 1739 617 1822 qualiter
630 1741 665 1802 in
681 1739 855 1822 primordia
875 1740 1034 1826 nascentis
1048 1735 1188 1803 ecclesiae
1203 1788 1211 1801 .
1223 1739 1401 1824 jubebatur
1416 1729 1535 1804 habere
1549 1749 1608 1804 aot

407 1837 465 1899 ubi
487 1837 592 1901 honor
610 1839 818 1902 cenobiorum
837 1886 845 1900 .
865 1837 1040 1904 secundum
1062 1858 1205 1901 normam
1229 1838 1384 1920 equitatis
1404 1846 1608 1902 servaretur.

407 1935 476 1999 bac
492 1943 526 2000 et
540 1935 568 1999 is
583 1935 703 1998 similia
718 1936 824 1999 auctio
839 1984 847 1998 .
863 1935 1060 2019 inquirentes
1073 1936 1217 2018 undique
1232 1935 1384 2018 antiquas
1398 1922 1608 2020 priiileffi'as.

408 2033 581 2096 recitantes
595 2033 796 2097 tauduudem
811 2023 1011 2124 pervcnitlex
1026 2042 1137 2116 rogatu
1149 2084 1155 2097 .
1168 2032 1375 2098 AEoelberhti
1389 2035 1473 2118 regr's
1485 2035 1609 2099 Cantiae

300 2130 302 2134 ’
408 2151 516 2195 coram
536 2132 688 2195 omnibus
702 2123 977 2214 legaturjlibertas
999 2132 1206 2196 ecclcsiamrn
1222 2132 1285 2195 Dei
1304 2143 1338 2195 et
1353 2131 1517 2195 institutio
1532 2183 1540 2197 .
1554 2133 1609 2198 rel
1701 2160 1704 2165 ·

409 2237 594 2314 preceptum
611 2229 758 2312 Pilrtredi
773 2228 856 2311 regis
872 2281 878 2292 .
894 2228 933 2293 de
953 2228 1106 2293 electione
1128 2229 1330 2292 dominarum
1351 2230 1560 2292 cenobiorum
1574 2231 1611 2294 in

409 2349 508 2412 reguo
531 2327 777 2392 Cantauriorum
793 2377 801 2391 .
817 2327 982 2403 Quomodo
1004 2328 1056 2391 rel
1075 2327 1215 2410 qualiter
1237 2327 1416 2391 secuudum
1437 2327 1610 2411 imperium

408 2436 442 2490 ct
456 2424 607 2490 electioni
623 2425 933 2508 arclricpiscopi'ficri
947 2423 1048 2489 *stare'
1071 2425 1268 2509 precipitur.
1285 2426 1364 2489 Post
1378 2446 1415 2489 eo
1436 2426 1496 2490 boc
1510 2414 1612 2510 priri-
1646 2468 1648 2474 ·

409 2523 530 2608 legium
551 2524 637 2589 lecta
659 2535 693 2589 et
715 2514 800 2588 inter
821 2544 856 2587 se
878 2525 1059 2587 examinata
1079 2533 1155 2606 ante
1177 2525 1262 2608 regis
1290 2572 1298 2588 .
1325 2531 1360 2588 et
1388 2525 1612 2608 episcoporum

318 2660 320 2665 ·
410 2623 574 2706 presentia
596 2623 711 2687 suisset
725 2672 732 2686 .
748 2622 872 2706 placuit
894 2622 1001 2705 itaque
1024 2623 1171 2686 omnibus
1190 2623 1375 2706 paritenquo
1397 2622 1613 2688 condireruut

409 2743 471 2787 uec
496 2722 597 2786 ullam
623 2722 719 2786 aliarn
741 2772 749 2787 .
772 2731 840 2785 tam
866 2720 1005 2784 nobilem
1024 2731 1163 2804 ,tamque
1192 2722 1370 2804 prudenter
1398 2722 1613 2795 constitutum

410 2822 557 2886 invenire
579 2822 790 2904 potuissent.
813 2820 987 2884 secundnm
1010 2819 1258 2883 ecclesiasticam
1281 2848 1294 2883 .·
1312 2819 1518 2903 disciplinam
1540 2870 1548 2884 .
1570 2820 1614 2885 Et

410 2918 472 2982 hoc
498 2919 679 2983 adimentes
703 2927 787 2981 stare
814 2939 870 2982 seu
896 2903 937 2981 ab
960 2918 1108 2982 omnibns
1135 2919 1261 2982 iimrare
1285 2929 1412 2983 rectum
1433 2939 1503 2983 esse
1522 2939 1614 2985 saue·

410 3018 547 3082 serunt:
629 3012 632 3017 ’
736 3097 739 3103 Ι
791 3006 793 3011 ’
840 3006 843 3011 ’

455 3116 599 3200 Ideoque
614 3135 672 3199 pro
694 3114 755 3178 bac
776 3135 810 3178 rc
829 3114 897 3198 Ego
912 3115 1102 3178 AEorcoaro
1124 3135 1180 3179 rex
1199 3115 1396 3180 Merciomm
1416 3137 1476 3201 pro
1497 3115 1616 3182 salute²

411 3214 528 3278 animae
552 3235 632 3279 meae
657 3223 691 3278 et
714 3233 771 3297 pro
797 3213 967 3277 stabilitati
990 3214 1078 3298 regni
1103 3214 1169 3278 mei
1195 3235 1344 3279 necnon
1369 3236 1409 3279 ex
1433 3216 1614 3299 petitioni.
1636 3287 1640 3293 ⁸

412 3313 623 3377 AEbelberlrti
639 3312 721 3395 regis
736 3313 860 3376 Cautire
875 3311 943 3375 seu¹
959 3362 1147 3377 .......
1162 3333 1221 3396 pro
1239 3315 1430 3379 reuerentiae
1444 3314 1616 3379 Cutberhti

412 3411 645 3495 archiepiscopi
666 3412 727 3475 boc
749 3411 834 3474 idern
858 3397 1006 3474 munifica
1029 3431 1126 3474 uranu
1149 3414 1278 3494 propria
1299 3431 1372 3475 mea
1390 3412 1556 3475 subscribo
1577 3420 1616 3477 ut

411 3533 471 3597 per
485 3514 595 3576 omnia
610 3514 653 3577 ho
669 3562 675 3575 .
699 3563 706 3576 .
730 3563 737 3579 .
760 3562 768 3575 .
784 3523 817 3576 ct
832 3512 1004 3576 auctoritas
1027 3520 1061 3577 et
1075 3513 1229 3576 securitas
1245 3513 1367 3577 Christi
1378 3512 1520 3578 ecclesie
1535 3513 1616 3577 citra

412 3614 620 3680 lrombreusis
635 3615 768 3679 tlnfio.¹
769 3664 896 3681 .....
913 3614 1104 3697 denegatur.
1127 3665 1135 3679 .
1157 3663 1166 3679 .
1189 3664 1197 3679 .
1220 3615 1390 3679 ,orouiuur
1405 3614 1616 3687 cenobiorum

413 3719 448 3782 in
464 3727 549 3782 term
564 3718 711 3783 Cmrtiae.
733 3765 742 3781 .
765 3767 772 3781 .
795 3767 803 3781 .
818 3717 931 3780 tamin
946 3717 1093 3780 libertate
1111 3736 1131 3778 a
1148 3716 1341 3779 secularium
1357 3715 1503 3779 seniciis
1517 3735 1615 3798 quarn

413 3818 513 3880 etiam
537 3818 572 3880 in
599 3817 750 3880 omnibus
771 3816 876 3879 causis
895 3815 1023 3897 majoris
1042 3815 1238 3897 minorisque
1258 3835 1370 3889 secura
1392 3824 1559 3898 permanet
1581 3824 1617 3880 et

413 3916 499 3978 sicot
520 3915 724 3999 supradictus
739 3961 932 3978 .......
948 3934 1005 3996 pro
1030 3933 1063 3976 se
1082 3932 1219 3996 suosque
1234 3913 1405 3976 constituit
1424 3912 1466 3974 ad
1486 3932 1617 3975 serru-

413 4012 493 4084 dum
508 4060 734 4077 ........
756 4012 941 4103 permenio
962 4010 1196 4094 inrefragabilis
1216 4021 1251 4074 et
1273 4009 1486 4073 immutabilis
1512 4029 1615 4093 osque

413 4112 454 4174 ad
470 4112 630 4176 terminus
646 4111 745 4175 seculi
765 4110 935 4194 perdurare
950 4109 1164 4195 precipimus.

458 4210 493 4273 Si
508 4211 583 4294 quis
598 4221 707 4274 autem
722 4230 832 4292 regum
847 4228 1062 4272 successorum
1085 4216 1266 4270 nostrorum
1288 4226 1345 4269 sen
1366 4204 1616 4289 epis[eoporom]

414 4311 466 4374 rel
476 4313 660 4395 principum
670 4311 730 4375 hoc
740 4311 866 4375 salubre
877 4309 1037 4374 decretum
1051 4308 1197 4391 iulIring]
1262 4308 1419 4371 rationem
1431 4309 1502 4370 Deo
1512 4308 1616 4370 omni-

414 4411 541 4493 potenti
555 4411 591 4473 in
606 4410 658 4474 die
672 4408 858 4474 tremendo.
871 4408 898 4472 si
914 4428 1017 4470 conus
1033 4406 1085 4469 rel
1101 4400 1277 4488 pnesbpter
1290 4405 1445 4468 diaconos
1460 4403 1616 4469 clericus.

695 4551 1002 4601 'Tomoutintheblst
1145 4547 1371 4610 ’boninum
