3816 5258
247 405 310 454 an.
325 387 415 472 μᾶ]
615 402 809 450 murtrum
828 402 871 449 ro
893 402 1104 452 smectica
1181 374 1185 381 ’
1385 385 1449 450 25³
1494 417 1499 424 ·

217 773 221 782 ·
272 745 344 814 nr.
367 741 541 806 craten
563 740 601 822 ry
623 739 810 815 neuun,
831 740 922 824 resq
942 742 1047 825 osne
1073 742 1240 818 irenam,
1261 696 1425 805 onnon
1538 696 1550 724 ²

378 839 559 918 Bcnlbnrpa,
578 835 617 917 ο]
631 834 709 918 lucif
724 836 774 899 tlte
787 837 863 901 duce
875 859 918 901 on
932 861 953 900 a
968 840 1049 922 clrip.
1094 838 1184 922 May,
1198 854 1263 902 al).
1279 835 1354 903 748.

297 981 407 1048 Curta¹
434 978 621 1043 Ethelbnldi
642 978 726 1059 regis
750 978 945 1045 Merciorurn
971 1031 993 1059 ,‚
1006 983 1168 1064 lblburgm
1196 973 1369 1044 abbatissae
1382 966 1455 1063 'qua

253 1080 388 1144 donant
409 1078 513 1143 eidem
535 1076 704 1140 dimidium
726 1077 865 1160 vectigal
887 1080 983 1144 unius
1008 1080 1101 1143 navis
1126 1086 1160 1144 et
1182 1080 1344 1143 tributum
1368 1077 1456 1162 quod

253 1177 315 1242 sibi
330 1176 371 1241 de
383 1177 456 1258 jure
471 1173 658 1256 spectabat.

298 1276 339 1355 >1⁴
363 1273 406 1336 In
420 1271 551 1334 nomine
565 1269 687 1333 domini
700 1269 870 1335 salvatoris
884 1273 1005 1336 nostri!

299 1375 438 1440 Omnem
460 1371 624 1436 bominem
644 1372 701 1454 qui
722 1371 899 1435 securrdmn
918 1374 1025 1437 Deum
1044 1375 1128 1437 vivit
1143 1424 1152 1449 ‚
1167 1382 1200 1438 et
1219 1375 1417 1438 remunerari
1437 1393 1458 1437 a

257 1474 328 1537 Deo
342 1478 450 1555 sperat
469 1478 502 1534 et
520 1477 612 1552 optat
627 1476 774 1550 ,oportet
794 1476 833 1532 ut
852 1471 915 1551 piis
934 1471 1083 1553 precibus
1101 1492 1269 1535 assensum
1288 1492 1329 1535 ex
1349 1471 1459 1534 auimo

256 1570 402 1633 hilariter
416 1566 557 1650 praebeat
571 1616 580 1642 ,
594 1565 753 1649 quomodo
772 1573 897 1629 certum
918 1579 969 1631 est
991 1577 1083 1631 tanto
1103 1568 1232 1631 facilins
1249 1590 1288 1632 en
1302 1589 1375 1650 quae
1389 1567 1459 1650 ipse

256 1689 275 1731 a
294 1668 366 1730 Deo
384 1664 565 1749 poposcerit
586 1663 737 1745 consequi
758 1683 851 1746 posse
866 1676 1011 1746 ,quanto
1030 1675 1065 1729 et
1086 1665 1155 1747 ipse
1174 1664 1336 1729 libencius
1356 1665 1459 1728 homi·

257 1764 353 1827 nibus
374 1772 461 1827 recte
482 1759 645 1845 postulata
667 1761 860 1823 concesserit
883 1782 891 1838 ;
914 1760 1000 1845 quod
1026 1771 1106 1824 tunc
1129 1762 1287 1825 bonorum
1312 1763 1459 1825 omnium

257 1864 402 1948 largitori
417 1864 487 1926 Deo
502 1858 698 1943 acceptabile
712 1860 750 1923 fit
761 1881 853 1935 ‚curn
869 1881 928 1945 pro
942 1862 1013 1943 ejus
1027 1882 1135 1925 amore
1150 1870 1184 1926 et
1198 1863 1343 1926 utilitate
1358 1863 1462 1926 iamn-

259 1963 398 2026 lantium
414 1960 444 2024 ei
459 1959 646 2042 peragitur.
722 1988 725 1993 ·

1583 548 1647 594 ''⁴b'''
1735 561 1742 572 ο

1508 592 1588 655 *1¹⁴¹
1621 580 1706 662 μὴ

1529 664 1585 708 16(

305 2058 459 2135 Quocirca
475 2076 533 2139 ego
549 2054 799 2117 AErmtssntous
813 2053 1017 2118 Mercionum
1039 2051 1142 2140 [rex]²
1155 2055 1253 2137 juxta
1271 2056 1464 2138 peticionem
1530 2125 1535 2134 ,

243 2162 401 2219 restrum
417 2205 425 2228 ,
439 2154 500 2216 tibi
516 2152 702 2214 &neuneu
723 2151 894 2214 ablatissre
911 2160 1040 2235 tuaque
1059 2151 1191 2216 iamiliae
1210 2153 1415 2216 conversanti
1429 2153 1465 2217 in

262 2251 455 2316 monasterio
469 2250 572 2314 beatae
587 2248 650 2311 Dei
664 2247 835 2330 genetricis
855 2247 968 2312 llariae
983 2299 992 2324 ,
1005 2248 1092 2331 quod
1112 2250 1212 2311 situm
1231 2255 1282 2312 est
1304 2249 1339 2312 in
1359 2249 1466 2313 insula

261 2348 501 2423 'l'mr1',nec
524 2366 589 2409 non
611 2352 644 2408 et
665 2345 700 2407 in
722 2345 917 2409 monasterio
941 2345 1157 2429 apostolorum
1179 2346 1270 2409 Petri
1292 2354 1327 2409 et
1351 2345 1468 2429 Pauli,

262 2446 349 2530 quod
363 2453 401 2508 tu
416 2445 487 2528 ipsa
501 2464 567 2507 non
582 2443 675 2525 longe
697 2462 717 2505 a
735 2441 888 2524 predicto
906 2443 1100 2506 monasterio
1119 2443 1332 2506 construxisti
1347 2493 1356 2520 ‚
1369 2444 1467 2507 unius

264 2543 358 2607 navis
373 2542 459 2626 quod
473 2562 493 2603 a
507 2540 671 2604 leubuoo⁴
685 2559 788 2621 nuper
802 2539 909 2602 emisti
927 2539 1119 2615 ,dimidium
1134 2539 1273 2623 vectigal
1291 2548 1391 2624 atque
1410 2538 1468 2604 tri·

266 2641 382 2704 butum
398 2690 406 2713 ‚
421 2638 507 2722 qnod
522 2658 630 2701 meum
644 2645 713 2701 erat
728 2685 737 2711 ,
751 2656 809 2718 pro
823 2637 946 2700 intuitu
960 2658 1107 2720 supenne
1122 2638 1298 2712 mercalis,
1311 2647 1346 2703 et
1360 2658 1468 2702 amore

267 2736 556 2819 consanguinitatis
575 2733 728 2817 religiose
749 2733 933 2797 abbatissae‘
954 2734 1123 2799 Milrlredoe
1143 2786 1150 2810 ,
1170 2737 1264 2818 cujus
1285 2736 1469 2801 venerabile

268 2855 384 2917 corpus
392 2855 412 2896 a
427 2832 525 2916 priori
535 2831 699 2915 sepultura
708 2831 903 2895 translatum
916 2832 952 2894 in
963 2832 1034 2915 ipso
1044 2834 1240 2896 monasterio
1251 2834 1469 2916 apostolorum

268 2933 418 2996 decenter
432 2931 569 3015 posuisti
586 2928 830 3011 ,accipiendum
844 2928 1137 3013 possidendumque
1158 2937 1280 2994 eterna
1297 2931 1471 2995 donatione

267 3028 430 3107 conccd03
448 3038 482 3091 et
506 3027 686 3108 cuicunque
709 3025 877 3090 volueritis
900 3025 1064 3089 haredum
1090 3047 1375 3111 successorumque
1401 3048 1471 3092 vee-

267 3137 390 3190 trorum
407 3177 414 3201 ,
429 3145 485 3189 scu
508 3123 655 3207 quolibet
673 3122 843 3186 bominum
861 3172 871 3197 ,
888 3123 949 3186 hoc
971 3125 1077 3207 ipsum
1101 3123 1141 3187 de
1160 3125 1234 3205 jure
1249 3125 1285 3188 in
1307 3147 1343 3189 re
1364 3132 1472 3190 restra

268 3223 444 3307 perdonare
459 3221 594 3283 liberum
614 3219 759 3283 babeatis
776 3227 993 3302 potestatem.
1038 3221 1126 3283 llinc
1146 3220 1247 3302 igitur
1266 3222 1418 3305 precipio
1434 3241 1473 3286 ac

269 3340 381 3402 precor
395 3321 430 3381 in
446 3318 576 3381 nomine
591 3317 653 3380 Dei
668 3316 899 3398 omnipotentia
914 3366 922 3391 ,
936 3317 1081 3399 patriciis
1093 3366 1101 3390 ,
1112 3316 1250 3380 ducibus
1261 3369 1269 3392 ,
1279 3319 1473 3394 comitibus,

271 3415 487 3490 theloneariis,
522 3413 716 3489 actionariis,
754 3434 793 3476 ac
832 3413 965 3496 reliquis
1001 3413 1142 3497 publicis
1179 3413 1395 3498 dignitatibus
1435 3424 1474 3478 ut

270 3511 339 3576 lnec
370 3512 525 3575 inoffense
557 3510 687 3573 donatio
707 3530 764 3592 per
792 3520 966 3592 presentes
987 3531 1025 3574 ec
1047 3521 1194 3594 posteros
1225 3520 1393 3595 percurrat
1414 3513 1473 3591 3si
1528 3586 1532 3593 ⁴

271 3617 379 3673 autem
395 3609 588 3692 contigerit,
603 3616 640 3670 ut
655 3609 748 3670 naris
762 3608 825 3670 ista
839 3607 986 3690 disrupta
999 3628 1037 3672 ac
1051 3609 1214 3673 oouimcta
1229 3610 1274 3674 sit
1289 3611 1361 3686 ,rel
1376 3612 1474 3675 etiam

271 3716 433 3771 vetustate
448 3705 588 3778 detrita,
603 3714 660 3768 aut
678 3705 810 3768 omnino
829 3704 917 3788 quod
938 3705 1024 3768 absit
1043 3707 1212 3788 naufragio
1231 3707 1359 3790 perulita
1374 3757 1382 3782 ‚
1397 3720 1476 3772 tunc

273 3824 401 3888 quoquo
420 3803 462 3867 ad
483 3801 650 3866 cumulum
668 3800 802 3883 hujusce
822 3801 1005 3866 donationis
1019 3802 1081 3865 hoc
1100 3802 1185 3866 addo
1204 3812 1239 3867 et
1260 3804 1401 3868 concedo
1416 3854 1424 3880 ,
1437 3812 1477 3868 ut

273 3901 337 3965 alia
365 3902 401 3964 iu
430 3901 528 3983 hujus
558 3899 739 3962 donationis
767 3898 875 3961 locum
904 3907 939 3963 et
967 3899 1185 3964 conditionem
1211 3910 1418 3966 construatur
1442 3910 1477 3966 et

272 4000 452 4063 habeatur.
496 3999 540 4061 Et
561 3996 622 4060 boc
641 4017 705 4060 non
723 3995 828 4059 solum
851 4016 903 4061 me
918 3997 1049 4060 nirenta
1069 3997 1104 4060 in
1122 3996 1184 4060 hac
1198 3998 1268 4061 sita
1282 4048 1291 4074 ,
1305 3999 1363 4062 sed
1377 3999 1476 4063 etiarn

273 4106 347 4182 post
361 4095 486 4160 obitum
500 4114 609 4158 meum
623 4113 680 4176 per
694 4092 902 4156 succedentes
922 4113 1047 4176 semper
1065 4095 1288 4176 generationes
1303 4095 1478 4179 precipio,

274 4203 307 4259 et
322 4214 380 4278 per
394 4194 559 4258 Christrun
574 4191 712 4255 Jhcsum
722 4190 866 4274 judicem
881 4192 1026 4253 onmium
1041 4191 1170 4272 postulo
1187 4191 1280 4256 fieri.

319 4293 473 4374 Quisquis
497 4311 573 4354 reru
594 4288 756 4352 luc-redum
778 4308 1060 4371 successorumque
1083 4309 1227 4351 meorum
1249 4289 1327 4363 ‚rel
1341 4290 1477 4353 aliorum

275 4389 414 4473 quilibet
434 4388 602 4452 bominum
618 4437 627 4462 ,
641 4387 709 4450 aire
731 4385 932 4450 secularium
954 4435 962 4460 ‚
984 4387 1052 4450 sive
1073 4385 1364 4450 ecclesiasticorum
1377 4437 1388 4464 ,
1401 4387 1479 4452 huic

325 4546 547 4605 rp52100mirual
557 4542 591 4593 Κ.
657 4540 932 4606 ⁸[ltexllleruiorum,
946 4540 1170 4603 emmanue
1188 4540 1224 4594 0.
1291 4543 1477 4606 ’'rt-new

302 4628 433 4689 uonna,
446 4625 482 4676 tt
580 4621 761 4685 ἈΝ-ψ
