3816 5258
131 313 134 317 ’
246 341 312 391 nn.
327 324 416 408 812]
647 318 822 421 commum
843 338 913 387 aar>
933 336 1095 387 suumin
1384 324 1452 394 477
1477 396 1482 403 ,

251 496 456 561 manentium
470 495 504 560 id
518 506 569 561 est
582 518 628 561 aa
647 498 764 582 salnay
778 497 836 560 nbi
848 484 891 561 ab
903 495 1019 562 incolis
1033 496 1173 563 Gnarus
1186 512 1256 563 mn
1268 497 1452 563 vocitetur.
1538 534 1542 541 ·

167 594 170 599 ’
250 600 305 663 Ab
335 598 486 682 aquilone
514 599 637 664 habens
665 600 841 663 terminum
870 598 1047 665 suuealuuo
1074 599 1244 667 fluminis.
1295 600 1331 665 A
1357 598 1455 685 plag!
1527 630 1530 637 ·

250 684 375 762 oriente
399 698 597 782 suiiihuuing
622 697 724 762 lond.
777 699 810 761 A
833 704 925 781 parte
952 698 1144 763 occidentali
1171 696 1346 764 mntem.
1388 692 1455 761 Ab
1523 774 1527 779 ,

174 873 178 882 Ι
252 806 361 861 austro
387 796 590 881 sighearding
615 797 754 861 medune
783 796 848 860 ond
875 816 932 861 eac
954 795 1168 882 suithhuning
1190 797 1290 883 long.
1343 796 1455 879 Anao

252 920 382 963 rursum
404 899 439 961 in
461 898 609 981 partibus
631 897 766 961 australi
783 900 819 961 iu
839 899 967 979 regione
986 919 1029 962 on
1051 898 1201 964 liminum
1215 906 1250 963 et
1262 897 1385 963 inlooo
1396 894 1456 961 nlu'

253 999 295 1063 ab
318 997 484 1081 indegeuis
506 998 547 1060 ab
569 996 735 1061 occidente
757 996 894 1060 Kssm'o
914 1012 1051 1061 stam
1072 996 1254 1081 appellatur
1273 994 1457 1060 demediam

255 1106 381 1181 partein
405 1096 502 1159 unius
523 1094 756 1159 mausirmculae
778 1094 812 1157 id
833 1101 884 1158 est
904 1116 949 1157 aa
969 1094 1056 1157 iocict
1070 1094 1124 1157 Ad
1144 1094 1180 1161 id
1200 1094 1333 1177 iusuper
1344 1090 1457 1157 addito

253 1194 311 1257 illo
327 1194 422 1257 litore
438 1193 515 1257 ioris
530 1193 694 1256 maritimo
709 1214 784 1257 cum
803 1192 949 1276 pristinis
967 1192 1159 1257 terminibus
1178 1191 1305 1257 cunctis
1322 1190 1365 1255 sd
1382 1210 1457 1255 eam

254 1316 393 1379 usquam
407 1296 469 1359 rite
483 1295 744 1381 pertinentibus.
789 1294 853 1358 Dei
875 1294 979 1378 gratia
995 1314 1124 1378 quoque
1143 1314 1199 1359 rer
1214 1291 1377 1359 Coenuuli
1395 1292 1458 1357 has

255 1393 435 1477 praedictas
461 1394 598 1457 terrulas
625 1392 715 1457 uerbi
738 1392 842 1475 gratia
864 1392 923 1455 AEt
943 1392 1056 1475 gmiou
1082 1414 1130 1456 aa
1153 1384 1251 1476 atque
1272 1392 1392 1457 iterum
1412 1398 1459 1455 ast

183 1507 185 1511 ·
256 1492 367 1575 ersing
389 1492 514 1554 burnan
536 1490 693 1574 litoreque
716 1491 773 1554 illo
797 1512 871 1555 curn
894 1490 1043 1554 omnihus
1065 1490 1278 1575 undecimque
1302 1488 1458 1573 legitimis
1519 1560 1524 1569 ,

254 1590 417 1654 limitibus
428 1589 549 1671 campis
564 1589 705 1672 salsugos
721 1591 848 1671 pascuis
863 1589 953 1653 siliis
968 1590 1112 1672 pratibus
1127 1588 1298 1673 paludibus
1306 1587 1458 1653 litoribus

256 1688 415 1773 piscuosis
442 1709 499 1751 seu
530 1688 657 1750 cunctis
686 1688 817 1751 aliunde
846 1688 958 1752 usibus
986 1688 1196 1771 quisquilibet
1222 1685 1458 1771 maritimisque
1504 1730 1507 1735 -

258 1790 418 1853 fructibus
438 1810 496 1872 pro
518 1789 584 1852 illis
602 1788 764 1871 praedictis
784 1788 961 1871 agellorum
975 1789 1252 1853 iicissitudinibus
1270 1798 1324 1854 aet
1341 1784 1460 1853 sacam

257 1888 405 1951 hlincurn
425 1896 459 1949 et
476 1886 639 1969 ccgheaug
660 1886 739 1950 lond
761 1887 918 1951 l’uliredo
939 1886 1175 1971 archiepiscopo
1187 1885 1353 1953 *orunino'¹
1366 1904 1460 1951 sera-

255 1985 337 2049 citcr
352 1993 385 2048 et
400 1984 534 2047 firmiter
549 1984 584 2047 in
600 1984 746 2067 propriae
761 1984 957 2049 condicionis
972 2006 1009 2049 ac
1024 1986 1058 2048 in
1074 1998 1227 2069 perpetue
1248 1985 1462 2071 passessionis
1481 2034 1499 2055 ,

257 2082 470 2146 hereditatem
492 2102 567 2145 curn
589 2082 759 2145 uniuersae
782 2083 976 2164 integritatis
1000 2080 1149 2147 libertate
1174 2082 1405 2167 penetraliter
1423 2082 1462 2149 in

259 2181 390 2244 domino
401 2180 580 2245 concedens
591 2180 718 2244 donabo
730 2181 792 2244 sibi
803 2181 866 2263 ipsi
880 2181 1064 2244 habeudmn
1075 2202 1112 2245 ac
1128 2180 1463 2265 lemetuetmeaanm

260 2300 297 2342 ac
314 2279 361 2341 sic
375 2277 624 2342 adtrahenduin²
639 2286 677 2340 ut
692 2288 793 2341 semet
805 2279 874 2360 ipso
888 2277 1065 2342 utillimum
1080 2300 1148 2344 esse
1161 2279 1346 2360 rideretur.
1375 2276 1463 2345 Cain

261 2376 431 2439 universae
446 2375 606 2439 libertatis
623 2376 786 2459 praedictae
807 2376 1031 2441 discretionem
1052 2398 1110 2460 per
1127 2378 1236 2443 omnia
1254 2376 1465 2443 immobiliter

261 2474 441 2538 secuudum
467 2474 554 2557 quod
584 2481 703 2538 terram
733 2474 919 2557 praedictam
945 2474 1084 2539 Uulired
1108 2475 1364 2561 archiepiscopus
1387 2494 1465 2541 oon·

261 2581 431 2656 paraverat
446 2572 600 2637 haberet.
646 2573 757 2657 Atque
779 2573 840 2636 hac
861 2573 1048 2637 condicione
1069 2574 1137 2656 regi
1158 2574 1338 2639 Cereriuulio
1357 2582 1465 2639 trans-

261 2682 388 2735 mutare
402 2678 435 2735 ct
451 2671 483 2734 iu
500 2671 630 2734 domino
653 2670 772 2735 donare
793 2671 1025 2751 dijudicaverat
1045 2671 1130 2736 sicut
1146 2673 1293 2755 superius
1305 2680 1414 2737 ratum
1430 2680 1467 2739 et

261 2770 458 2834 delibratam
473 2777 506 2833 et
518 2771 602 2834 inim
617 2772 721 2834 crucis
735 2769 856 2835 vexillo
870 2780 904 2834 et
918 2770 979 2834 sub
993 2770 1117 2835 idoneis
1131 2772 1267 2837 testibus
1281 2772 1467 2839 roboratum

262 2869 465 2934 habetur:-

308 2970 446 3051 Iusuper
468 2967 598 3031 additur
617 2968 679 3031 hoc
700 2968 735 3030 Si
755 2968 853 3049 lmjus
868 2968 1100 3033 vicissitudinis
1119 2990 1253 3053 persona
1266 2970 1407 3056 quilibet
1423 2992 1468 3039 ex

263 3067 418 3131 utralibet
433 3074 523 3148 parte
539 3065 623 3128 harre
639 3068 924 3130 commutationem
938 3066 1033 3131 aliter
1047 3075 1261 3135 tmusmutare
1273 3078 1332 3135 aut
1344 3070 1469 3137 violare

263 3164 472 3247 temptaverit
497 3158 596 3245 'apuam
618 3162 783 3226 difinitum
809 3165 876 3228 fieri
902 3165 1031 3229 ridetur
1045 3215 1053 3228 .
1069 3164 1159 3231 salva
1177 3168 1251 3250 jure
1275 3168 1469 3235 intemerata

264 3265 524 3349 possessiuncula
551 3285 625 3327 cum
651 3265 805 3347 praedicta
831 3266 980 3330 libertate
1002 3268 1123 3351 absque
1144 3269 1309 3335 obstaculo
1329 3270 1469 3356 alicujus

266 3364 467 3447 qiraestiouis
490 3362 531 3425 ad
554 3364 684 3446 proprie
706 3363 896 3428 hereditatis
918 3365 1075 3448 gremium
1097 3366 1235 3433 redeat.
1278 3370 1349 3435 Aac
1369 3372 1469 3435 etism

266 3458 407 3545 'aprilibct
427 3462 630 3524 dominorum
652 3464 716 3525 Seu
741 3483 869 3527 summo
892 3464 1009 3527 saeculi
1025 3465 1219 3547 (liguritatum
1232 3467 1335 3551 gradu
1347 3466 1474 3533 <tintus

267 3562 366 3643 hujus
378 3561 613 3624 vicissitudinis
630 3561 928 3624 reconciliationem
943 3563 1112 3645 tyrannico
1124 3564 1235 3628 fraude
1249 3566 1352 3630 fretus
1365 3586 1407 3629 ex
1420 3564 1476 3631 his

268 3660 432 3723 utralihus
447 3659 596 3742 partibus
617 3659 703 3743 quod
724 3660 803 3722 Tam
824 3660 957 3722 firmiter
979 3660 1235 3726 reconciliaretur
1248 3660 1475 3729 annumerare
1494 3698 1501 3713 ·

268 3761 320 3825 vel
337 3762 489 3825 fraudare
505 3761 611 3843 iniqui
633 3762 840 3844 temptauerit
857 3811 863 3823 .
880 3761 1016 3824 Noverit
1030 3782 1064 3826 se
1086 3762 1326 3835 anathematum
1347 3786 1419 3830 esso
1438 3774 1476 3831 et

269 3872 344 3923 ante
372 3859 519 3922 tribuual
543 3861 663 3922 sunnni
682 3859 802 3939 judicis
826 3859 946 3923 Christi
967 3860 1126 3924 rationem
1147 3860 1348 3927 redditurum
1369 3914 1378 3927 .
1399 3862 1477 3929 Nisi

270 3959 362 4039 prius
382 3959 481 4043 digua
497 3958 718 4022 satisfactione
731 3957 972 4023 emendaverit.

406 4127 445 4205 ›1‹
469 4122 537 4207 Ego
566 4123 729 4185 Coeinauli
767 4122 887 4186 Christi
924 4124 1024 4206 gnatia
1063 4145 1118 4187 rex
1153 4124 1347 4191 llerciorum
1375 4128 1476 4213 hujus

533 4220 670 4285 *uostue‘
703 4220 935 4284 vicissitudinis
972 4222 1223 4287 rnuniliecutiam
1259 4223 1347 4309 larga
1376 4247 1477 4293 manu

536 4321 662 4383 donabo
677 4334 776 4404 anpue
791 4321 893 4383 crucis
909 4319 1028 4383 vexillo
1043 4320 1216 4386 rolairabo.

412 4422 450 4498 ›1‹
476 4420 544 4503 Ego
573 4417 711 4483 Uulired
734 4418 836 4503 gratia
860 4418 923 4481 Dei
948 4418 1203 4504 archiepiscopus
1228 4420 1326 4503 hujus
1351 4430 1482 4489 nostrae

536 4616 545 4647 ¹
562 4616 684 4676 Omnino,
694 4616 813 4677 omitted,
825 4614 860 4665 Κ.
991 4618 1002 4649 ¹
1017 4617 1058 4666 Ad
1068 4623 1126 4679 tm,
1138 4615 1173 4667 Κ.
1184 4616 1218 4670 8.
