3816 5258
175 345 240 395 nn.
257 328 348 413 805]
391 344 592 394 sonarent>
613 346 654 394 ro
676 345 795 395 cunrsr
816 343 960 405 cannen,
973 342 1201 394 cenrsnsunr.
1307 324 1374 393 44⁷

181 662 255 725 319.
269 660 420 744 Rccuccrp
428 663 466 743 by
477 664 673 740 AEdillrcard,
681 664 874 748 Archbishop
883 666 922 746 of
929 662 1192 745 Oarttcrbary,sor
1201 660 1254 725 tte
1263 680 1375 723 raom·

198 848 201 856 Ι
310 766 393 843 stcrp
414 763 453 843 os
476 762 580 825 Christ
608 762 739 838 citrosa,
754 763 958 843 Catualium,
978 762 1019 845 ο]
1033 761 1115 824 tarra
1132 766 1194 823 “at
1207 756 1374 835 Burma',

312 878 349 919 or
358 859 596 942 Bistwpstoum,
605 882 682 922 sicar
694 860 845 936 Barlmnr,
855 882 895 925 oo.
910 860 1004 925 Kosa.
1047 874 1111 923 ab.
1127 858 1200 923 805.

235 984 342 1085 {Ego
366 1003 627 1065 Asnrtnnnnnus
651 1001 925 1086 *metropolitanae
954 1004 1097 1067 civitatis
1118 1004 1152 1067 in
1175 1001 1377 1067 Dorobernia

67 1122 73 1133 ·
181 1100 445 1184 archiepiscopus
457 1120 515 1182 pro
530 1120 636 1165 amore
650 1100 770 1163 dornhri
786 1102 888 1165 nostri
902 1102 1006 1166 Jhesu
1021 1102 1142 1167 Christi
1154 1113 1190 1166 et
1210 1121 1268 1185 pro
1282 1101 1376 1165 abso·

119 1245 120 1249 =
181 1202 308 1266 tutione
323 1222 468 1264 uncorum
484 1202 655 1264 criminum
670 1210 787 1265 terram
801 1210 955 1285 ‹prrattuor
971 1212 1150 1267 aratrorum
1171 1202 1302 1267 nornine
1321 1209 1377 1267 aet

181 1302 325 1364 Bunxnn'
342 1300 376 1362 in
392 1298 582 1362 occidentali
599 1306 687 1381 parte
699 1300 1062 1364 Bronarnurnssanctae
1073 1300 1214 1365 familias
1224 1300 1378 1365 ecclesias

183 1399 321 1464 Culusrr
342 1398 376 1460 iu
399 1397 561 1480 propriant
584 1399 812 1480 possessionem
834 1398 959 1461 donabo
980 1407 1013 1463 et
1037 1398 1167 1462 obsecro
1189 1399 1225 1463 in
1246 1399 1378 1463 nomino

181 1498 306 1562 domiui
322 1516 434 1560 ornnes
450 1496 616 1577 pontifices
631 1506 755 1558 nostros
769 1517 982 1561 successores.
994 1504 1032 1560 ut
1046 1518 1141 1562 omns
1154 1497 1275 1561 bonum
1290 1496 1378 1581 quod

185 1597 220 1659 in
236 1596 295 1659 illa
311 1602 395 1658 terra
411 1592 608 1657 lucrificctar
622 1595 735 1657 inatres
750 1594 810 1657 sibi
831 1594 1036 1677 singulariter
1057 1594 1103 1663 ati,
1120 1614 1264 1659 mensam
1285 1613 1379 1657 suam

182 1695 327 1759 habiant
343 1700 376 1757 et
392 1692 433 1755 ad
448 1691 582 1756 alterurn
599 1694 819 1756 necessitatem
835 1693 957 1756 iaciant
970 1713 1034 1776 qua
1048 1692 1116 1757 illis
1129 1692 1214 1757 bona
1228 1700 1262 1757 et
1283 1712 1379 1776 spon·

183 1804 280 1857 tanea
305 1790 474 1854 voluntate
504 1791 643 1854 inaximo
668 1791 748 1855 utile
772 1790 951 1855 videatur.
995 1792 1091 1855 Hanc
1113 1791 1380 1875 prenominatam

184 1899 304 1955 tenrun
313 1887 445 1971 quidam
457 1889 662 1953 homobonus
672 1890 799 1953 nornine
808 1892 955 1952 Amnius·
964 1889 1064 1972 quiin
1075 1890 1137 1953 hac
1145 1889 1244 1972 regali
1254 1886 1380 1952 villain

185 1986 453 2052 burrstcivitatis
462 1989 642 2070 praefectus
649 1988 711 2050 fuit
719 1987 1057 2071 prointuituaetenrae
1065 1986 1221 2052 mercedis
1229 1988 1382 2051 iratribus

187 2086 306 2151 nostris
321 2085 362 2148 ad
378 2105 523 2148 inensam
537 2085 670 2148 tradidit
686 2136 692 2148 .
709 2086 766 2149 sed
780 2095 891 2149 uncta
906 2084 1041 2149 ecclesia
1056 2085 1178 2150 Christi
1192 2084 1261 2149 sine
1271 2104 1385 2149 norma

183 2185 334 2267 justitiae
349 2204 422 2246 curn
438 2185 614 2266 rapacitate
629 2184 795 2264 cujusdam
809 2184 894 2265 regis
913 2184 954 2248 de
976 2204 1034 2248 sua
1055 2192 1143 2248 terra
1163 2184 1290 2267 privata
1310 2190 1383 2249 est.

187 2292 221 2346 et
245 2303 303 2345 nos
325 2281 504 2345 auxiliante
528 2282 657 2345 dornino
679 2284 795 2346 iteruin
818 2282 907 2346 illam
927 2282 1018 2364 justo
1040 2292 1073 2347 et
1094 2281 1243 2366 synodali
1260 2282 1385 2365 iudicio
1412 2322 1415 2327 ·

187 2381 358 2445 restituere
373 2380 449 2443 huic
465 2388 593 2443 sanctae
609 2381 749 2444 familiae
764 2382 947 2445 curavimus
963 2431 970 2444 .
986 2400 1133 2463 rogamus
1147 2380 1246 2445 etiam
1264 2381 1385 2445 amicos

190 2488 315 2543 nostros
330 2478 364 2541 id
379 2489 429 2542 cst-
444 2500 533 2561 reges
548 2488 582 2543 et
603 2480 767 2562 pontifices
789 2488 822 2543 et
844 2500 955 2543 ornnes
974 2480 1031 2562 qui
1053 2488 1247 2561 potestatem
1267 2478 1303 2542 in
1322 2478 1386 2543 hac

189 2579 357 2662 prouincia
371 2577 513 2640 habeant
529 2626 537 2641 .
553 2586 592 2640 ut
606 2598 730 2660 semper
744 2598 857 2660 augere
872 2576 924 2640 his
940 2577 1094 2640 iratribus
1109 2583 1143 2641 et
1157 2597 1222 2640 nou
1240 2576 1385 2640 minuere
1421 2608 1425 2615 ·

189 2698 287 2740 suurn
302 2677 424 2739 bornun
440 2676 613 2759 dignentur·
629 2723 637 2739 .
654 2685 686 2739 et
701 2686 785 2739 certe
802 2676 963 2739 credimus
977 2695 1015 2739 eo
1032 2675 1134 2758 magis
1157 2674 1265 2739 Deum
1282 2674 1386 2738 omni·

189 2783 358 2859 potentem
374 2774 440 2836 illis
455 2795 570 2857 augere
586 2792 714 2838 aeterna
729 2775 809 2837 bona
827 2774 862 2837 in
877 2774 1058 2838 celestibus
1071 2773 1203 2857 regnis.

235 2876 356 2937 Acturn
372 2875 436 2937 fuit
451 2922 458 2935 .
476 2890 579 2957 necet·
595 2924 603 2937 .
618 2880 701 2936 anno
716 2873 946 2937 incarnationis
961 2872 1082 2938 Christi
1097 2888 1180 2937 xm.
1194 2872 1389 2955 indictione.

234 2974 380 3037 Testiunr
396 2973 527 3036 nomina
542 2972 596 3035 hic
611 2972 694 3035 inira
708 2981 857 3036 caraxata
872 2980 974 3036 sunt.

324 3091 364 3169 »14
389 3088 457 3171 Ego
495 3086 690 3151 Aedilhcard
725 3086 984 3170 archiepiscopus
1019 3107 1095 3150 crun
1127 3085 1248 3151 uexillo
1284 3084 1390 3151 crucis

454 3185 576 3249 Christi
591 3184 756 3249 confirma²
771 3234 780 3249 .

324 3287 364 3365 »14
389 3285 457 3367 Ego
473 3283 645 3347 Bionnnod
659 3284 826 3368 episcopus
840 3283 1037 3366 subscripsi.

324 3386 364 3464 »14
390 3382 516 3447 Eanred
532 3383 742 3465 pne-positus.
904 3386 944 3464 »14
968 3381 1141 3445 Hearnund
1156 3381 1211 3464 p‘.

326 3484 365 3562 »14
391 3481 570 3544 ltiornhard
586 3482 796 3564 praepositus.
902 3482 943 3561 »14
967 3479 1130 3543 Heremod
1144 3478 1198 3562 p'.

327 3587 367 3665 »14
390 3580 533 3645 Mounh'
550 3583 617 3665 pr’.
908 3584 948 3662 »14
972 3579 1112 3644 Uulired
1125 3578 1390 3643 archidiaconus.
1415 3612 1418 3617 ·

326 3684 366 3761 »14
391 3682 482 3745 Cuba
496 3682 549 3764 p’.
904 3681 944 3759 »14
968 3677 1169 3741 (inaniunt.
1248 3748 1251 3753 ,

327 3783 367 3861 »14
394 3779 556 3843 t'ulssrard
570 3779 623 3862 p'.
907 3779 947 3857 »14
972 3776 1097 3840 Eadred
1111 3776 1287 3841 hacanos.

328 3882 368 3960 »14
393 3877 537 3941 Ciolstan
553 3877 606 3961 p'.
909 3878 948 3955 »14
973 3862 1316 3940 Goda-suufflaoenus.
1401 3886 1406 3893 ·

328 3979 368 4057 »14
392 3975 511 4039 Osuuli
525 3973 582 4059 p’.
904 3976 945 4055 »14
970 3973 1073 4056 Viae.
1428 4038 1431 4043 ,

329 4074 544 4156 ’ΒΡΜῙΡἽ
911 4073 1210 4152 ΜΗ
1265 4072 1393 4153 Η

329 4176 369 4254 »14
395 4174 462 4255 Ego
480 4172 606 4237 Cn'bred
624 4193 679 4235 rex
695 4172 809 4236 Cantic
824 4171 971 4235 consensi
986 4177 1019 4234 et
1033 4169 1209 4253 subscripsi
1222 4218 1246 4269 .·

330 4277 370 4355 »14
396 4275 462 4358 Ego
479 4274 504 4337 C
507 4275 645 4337 adaman
660 4274 756 4337 abbas
772 4273 919 4337 consensi
934 4280 968 4336 ct
982 4270 1178 4353 subscripsi.

330 4378 370 4458 »14
396 4378 463 4461 Ego
479 4376 647 4459 Feologeld
662 4376 760 4440 abbas
774 4384 807 4439 et
821 4373 1019 4457 subscripsi.

246 4522 254 4554 ¹
274 4525 401 4579 bilustris,
416 4523 449 4572 Κ.
465 4523 511 4577 ih:
530 4526 630 4572 urittcu
642 4541 701 4571 orer
711 4539 819 4584 enutrirc,
832 4522 877 4583 Α.;
896 4518 926 4570 Ρ.
938 4520 1065 4569 ocrisiam
1080 4520 1140 4568 abst
1149 4520 1288 4583 “petehulle
1297 4520 1399 4583 usefrea

196 4605 300 4667 reading(
314 4624 361 4655 trus
372 4607 399 4655 in
411 4607 483 4655 tnnc&
581 4608 592 4635 ²
609 4610 658 4665 bic,
670 4604 722 4653 ΠΒ.
