3816 5258
359 375 421 423 un.
437 358 525 442 747.]
759 371 908 421 amnem
929 373 971 422 ro
991 373 1170 464 'aucum
1400 370 1403 374 ’
1488 363 1553 428 249

362 700 433 766 ras.
458 660 560 761 aiant
575 696 613 775 ay
627 695 771 771 naam,
786 695 875 778 aaa
900 697 1042 779 osma
1064 704 1095 760 a
1107 698 1280 774 aaran,
1294 700 1402 774 siae,
1416 702 1483 764 aru
1508 701 1559 764 as
1616 696 1620 702 ·

490 794 668 875 Monastcry
682 794 721 875 cp*
740 794 876 875 llamdse,
890 815 926 857 or
940 795 1096 871 Messian,
1108 817 1147 860 co.
1162 796 1256 871 Keras,
1270 798 1309 879 of
1316 798 1459 879 srudom
1465 800 1558 880 srom

492 896 566 958 dues
571 894 631 976 sor
645 914 667 955 α
680 894 752 976 stip
766 899 801 956 at
816 894 982 968 Forduua‘e,
996 916 1032 957 or
1045 895 1215 972 Forduich,
1228 917 1268 960 eo.
1283 897 1376 961 Kcat.
1407 912 1472 962 nn.
1485 895 1558 964 747.

409 1041 744 1126 Raetus-Vectigal
759 1050 793 1106 et
806 1043 965 1106 tributum
979 1045 1075 1108 unius
1094 1046 1186 1109 navis
1200 1046 1235 1109 in
1249 1047 1328 1110 villa
1344 1046 1489 1111 Fordwie
1503 1096 1511 1112 .

411 1144 450 1224 ›1‹
474 1146 570 1205 Anno
593 1140 762 1204 dominicae
777 1140 1032 1204 incarnationis.
1056 1156 1218 1204 boumn
1240 1191 1248 1205 .
1270 1143 1338 1225 Ego
1360 1144 1561 1208 Erramus

328 1248 331 1255 '
366 1262 422 1307 rex
438 1239 563 1305 Careiae
578 1259 651 1301 cum
663 1258 820 1301 consensu
842 1238 1035 1321 optimatum
1056 1259 1222 1303 meorum.
1239 1240 1435 1304 Bumowrxt
1456 1240 1561 1304 arehi-

366 1337 507 1422 episcopi
530 1344 564 1400 et
585 1343 761 1400 ceterorum
776 1335 958 1419 principum
979 1356 1120 1399 meorum
1135 1387 1142 1401 .
1158 1337 1296 1401 etinoedo
1319 1337 1469 1402 aecclesiae
1488 1359 1561 1422 quae

366 1445 417 1501 est
436 1433 522 1519 apud
544 1435 698 1497 Rncunra
713 1483 720 1497 .
735 1442 770 1497 et
784 1432 844 1496 tibi
859 1433 1049 1496 omnnem
1071 1434 1152 1496 abba
1167 1483 1174 1497 .
1190 1441 1317 1517 tuaque
1333 1435 1465 1500 familia
1479 1485 1488 1500 .
1502 1456 1563 1519 pro
1612 1447 1614 1453 ·

368 1534 472 1597 salute
487 1533 601 1596 animae
625 1552 703 1595 mese
718 1580 725 1594 .
740 1529 878 1612 vectigal
900 1538 934 1594 et
955 1531 1112 1593 tributum
1127 1532 1224 1594 unius
1245 1533 1338 1596 navis
1358 1533 1393 1596 in
1414 1539 1510 1617 portu
1523 1554 1563 1597 ae

368 1630 447 1693 villa
475 1650 547 1713 quae
570 1629 690 1692 dieitur
713 1629 885 1690 Fonnuurc
911 1675 918 1689 .
942 1626 983 1690 ad
1005 1647 1085 1709 opus
1107 1634 1145 1690 ut
1163 1629 1315 1710 pransus
1334 1630 1406 1692 sum
1431 1629 1564 1694 familiae

371 1733 489 1792 sanctae
515 1727 628 1791 Mariae
653 1747 725 1808 qaae
749 1725 783 1787 in
803 1724 1052 1806 jam-nominata
1074 1723 1214 1787 aecclesia
1240 1727 1310 1789 Deo
1335 1727 1565 1790 serviunt.Si·

370 1829 504 1911 mulque
523 1827 673 1910 praeipio
698 1826 733 1888 in
754 1825 883 1889 nomine
905 1824 1133 1906 omnipotentis
1158 1825 1221 1887 Dei
1235 1826 1450 1907 praeleetibus¹
1465 1848 1566 1909 ‚pne-

369 1928 482 2012 positis
505 1977 513 1991 .
540 1934 573 1991 et
598 1925 782 1990 actionariis
804 1975 812 1988 .
834 1932 868 1988 et
892 1924 1041 1986 omnibus
1063 1922 1210 1988 fidelibus
1228 1973 1235 1988 .
1256 1926 1313 2007 qui
1334 1926 1369 1988 in
1391 1926 1448 1990 illo
1470 1933 1567 2008 portu

369 2024 492 2088 habent
505 2074 513 2089 .
528 2023 582 2086 vel
596 2022 739 2085 habituri
754 2028 831 2084 sunt
844 2021 986 2104 aliquam
996 2027 1184 2102 potestatem
1194 2024 1202 2081 Ξ
1214 2030 1252 2085 ut
1265 2021 1334 2086 haee
1346 2042 1418 2087 mea
1432 2023 1568 2088 donacio
1671 2025 1673 2028 ⁴

368 2127 412 2189 sit
426 2124 552 2189 stabilis
567 2132 600 2188 et
615 2124 707 2187 firma
722 2123 972 2206 inperpetuum.

413 2223 550 2299 Quodsi
570 2220 688 2304 aliquis
703 2221 789 2303 quod
809 2219 895 2284 absit
914 2218 977 2282 hoe
994 2238 1101 2282 meum
1115 2217 1236 2282 donum
1257 2219 1377 2284 violare
1392 2238 1568 2304 praesump-

370 2321 470 2386 serit!
486 2340 505 2382 a
519 2320 589 2382 Deo
604 2327 639 2382 et
658 2318 779 2380 sanetis
802 2318 871 2398 ejus
892 2324 1078 2398 separatus.
1093 2315 1220 2379 diabolo
1242 2324 1275 2380 et
1296 2317 1419 2398 angelis
1439 2318 1511 2400 ejus
1524 2319 1570 2382 sit

371 2412 563 2500 conjunctus
584 2466 591 2481 .
618 2414 713 2492 Quod
736 2415 764 2478 si
783 2434 849 2478 una
869 2414 961 2477 navis
976 2413 1132 2496 praedictae
1155 2414 1285 2478 familia
1306 2413 1460 2498 perierit.
1479 2416 1570 2478 eolli-

374 2516 463 2579 siona
477 2564 486 2578 .
501 2514 657 2577 fractione
671 2561 679 2575 .
694 2521 751 2574 aut
766 2516 926 2574 vetustate
942 2560 949 2573 .
966 2510 1081 2573 iterum
1092 2511 1262 2574 restituant
1276 2511 1374 2574 aliam
1388 2561 1396 2576 .
1410 2517 1444 2576 et
1457 2511 1570 2576 eadem

375 2611 561 2675 condicione
576 2609 738 2673 habeant.
754 2608 849 2672 etsie
864 2608 898 2670 in
913 2613 1127 2690 perpetuum.

376 2770 427 2820 (A.)
436 2772 482 2813 bl&
493 2770 580 2816 unu.
588 2770 630 2811 h'o.
640 2771 698 2812 1¹12.
705 2768 724 2810 i.
732 2770 777 2811 sta
968 2768 975 2869 Ι
1009 2767 1132 2818 mdo.
1141 2769 1205 2812 md.
1212 2770 1289 2822 Μ..
1296 2769 1342 2814 ool.
1350 2771 1410 2814 asu.

375 2829 425 2878 ik]
436 2829 543 2878 nennio.
552 2829 601 2870 αὖ.
612 2828 682 2880 nepe..
691 2827 734 2869 No.
740 2837 799 2877 11η
811 2827 873 2868 im
882 2827 933 2877 [Α]

417 3274 489 3340 174.
514 3273 665 3339 Couscm
679 3287 720 3335 or
736 3271 919 3336 Cromna.
949 3273 1126 3356 Bcpinninq
1140 3274 1178 3355 af
1194 3273 1372 3357 September,
1384 3288 1448 3338 un.
1459 3274 1533 3362 w.

423 3426 591 3509 Ilegnante
606 3425 641 3488 in
652 3432 843 3508 perpetuum
855 3425 985 3488 domino
1000 3434 1106 3488 nostro
1116 3425 1220 3489 Jhesu
1232 3424 1362 3490 Christo
1371 3427 1445 3509 ,qui
1459 3435 1578 3491 cuncta

378 3523 480 3605 patris
495 3522 629 3604 imperio
644 3542 682 3584 ae
696 3523 817 3604 pariter
831 3522 934 3585 sancti
950 3522 1081 3605 spiritus
1095 3522 1198 3605 gratia
1211 3523 1397 3587 vivificante
1411 3523 1580 3606 disponit,

377 3624 445 3687 hae
474 3644 546 3707 quse
575 3624 687 3687 subter
712 3623 873 3686 habentur
902 3623 1058 3687 sinodalia
1082 3631 1173 3707 gesta
1198 3624 1427 3707 ,Septembris
1455 3625 1577 3688 mensis

377 3722 471 3786 initio
487 3770 495 3796 ,
510 3741 608 3805 prope
621 3720 728 3784 locum
745 3721 802 3802 qui
818 3728 951 3783 voantur
965 3720 1138 3785 cnovrsao
1153 3730 1281 3802 peraeta
1295 3726 1374 3783 sunt
1388 3743 1397 3799 ;
1410 3721 1577 3803 pmsenti-

376 3818 438 3884 bus
466 3819 518 3882 his
548 3819 617 3882 Deo
647 3817 775 3881 dilectis
804 3818 987 3901 presulibus
1016 3817 1228 3881 aecclesiarum
1258 3817 1380 3882 Christi
1406 3867 1416 3893 ,
1439 3817 1502 3881 hoc
1526 3824 1578 3881 est

377 3915 556 3980 honorabili
571 3915 810 3997 archiepiscopo
825 3914 981 3979 Cutberto
996 3964 1005 3990 ,
1019 3922 1052 3976 et
1072 3913 1249 3976 venerabili
1262 3914 1411 3978 Rolensis
1424 3912 1577 3977 aecclesiae

377 4014 524 4077 antistite
551 4011 685 4075 Dunno²
711 4062 720 4088 ,
748 4021 847 4094 atque
871 4010 1138 4074 reverentissimis
1166 4011 1324 4093 episeopis
1352 4011 1544 4074 Mertiorutn
1571 4059 1581 4085 ,

378 4111 473 4174 Totta
509 4130 547 4173 ac
576 4106 716 4171 Huuita⁸
748 4128 786 4172 ae
816 4108 925 4171 I‘odda
951 4129 960 4185 ;
983 4108 1038 4171 sed
1067 4117 1101 4171 et
1136 4108 1366 4191 prolatissimis
1397 4108 1582 4191 presulibus

380 4205 641 4271 Occidentaliuui
658 4205 836 4268 Saxonum⁴
851 4205 1022 4268 llunierdo
1036 4213 1069 4268 et
1083 4204 1289 4268 Hereuualdo
1307 4254 1315 4269 .
1330 4204 1582 4269 venerabilibus·

380 4327 443 4388 que
467 4304 685 4368 sacerdotibus
708 4302 868 4366 Herdulso
890 4302 1103 4366 Orientalium
1127 4301 1305 4385 Anglorum
1330 4310 1427 4385 atque
1450 4300 1582 4384 Homullo

428 4494 437 4525 ¹
455 4471 592 4551 raseris
605 4488 640 4540 re

429 4573 440 4603 ⁸
459 4573 553 4631 niuno,
567 4570 611 4627 ss
624 4572 726 4633 nmo.
737 4567 774 4620 0.
878 4566 889 4598 ¹
907 4568 1008 4626 niatu
1022 4563 1053 4614 Β.
1066 4563 1101 4616 0.
1199 4565 1210 4594 ‘
1226 4565 1361 4624 &soum
1372 4564 1489 4624 omitted,
1502 4561 1581 4615 &0-
