3816 5258
247 274 421 363 nn833.]
587 286 1144 345 wrrnnuroonoruannum.
1392 278 1467 353 567
1584 282 1589 289 ’
1688 276 1736 291 ''

251 585 326 649 409.
351 584 484 649 Giartcr
497 585 536 666 os
555 580 698 663 nitidas,
712 580 804 663 Il'irtq
818 582 858 664 of
873 580 924 645 tlte
936 582 1106 661 Mentem,
1119 590 1151 649 to
1166 582 1328 669 Gmylcttd
1338 584 1468 673 ΔΜ

689 678 766 743 26tlt
780 679 870 763 Moy,
880 694 943 743 dl).
958 679 1034 747 833.

296 801 494 882 Wrrnncms
508 799 718 884 dispositione
732 798 844 865 divino
858 820 916 865 rex
936 800 1135 868 Merciornm
1153 804 1305 871 omnibns
1320 804 1472 873 ctmtt·
1554 792 1557 797 ’

254 900 334 965 colia
360 900 544 963 universnm
570 897 725 961 Mercinm
749 897 1011 965 inhabitantibus
1039 900 1178 969 salutem
1206 902 1468 987 senpiternam.

254 998 421 1083 Magnalin
435 989 500 1061 Dei
514 994 687 1079 praedicare
700 1004 734 1063 et
747 996 912 1081 publicare
926 999 1061 1065 minime
1075 1000 1158 1065 mibi
1167 1000 1387 1067 saecundum
1399 1000 1469 1069 aad

254 1118 331 1186 rere
356 1096 486 1159 videtur
515 1094 725 1160 honorificum
755 1104 790 1161 et
817 1096 993 1183 gloriosum
1018 1147 1028 1175 ‚
1052 1097 1139 1165 unda
1164 1106 1276 1185 aperta
1304 1099 1470 1167 conum

255 1194 387 1258 domino
402 1195 511 1276 quiin
526 1194 601 1259 altis
616 1194 742 1259 habitat
762 1192 900 1259 humilia
915 1196 1092 1280 respiciens
1104 1198 1141 1263 in
1162 1198 1241 1265 crelo
1260 1206 1296 1265 ct
1315 1200 1351 1264 in
1371 1206 1469 1265 tom

204 1336 207 1342 Δ
257 1293 411 1376 quoniam
432 1292 473 1355 ad
496 1300 624 1377 tempus
639 1293 740 1357 iratus
762 1301 813 1358 est
834 1293 915 1359 mibi
929 1343 938 1371 ,
953 1316 1126 1363 conversus
1147 1305 1199 1363 est
1218 1296 1307 1361 furor
1326 1314 1406 1361 suna
1426 1302 1470 1363 et

258 1391 442 1455 consolatus
457 1398 507 1455 est
521 1412 573 1456 me
587 1391 762 1456 humilians
777 1392 812 1455 iu
827 1392 875 1456 ira
890 1413 950 1457 aua
964 1402 1164 1476 meoniorum
1174 1392 1326 1481 unquenti
1339 1400 1469 1461 mm

259 1490 433 1554 detrahens
455 1511 556 1574 usquc
578 1490 620 1554 nd
641 1488 807 1573 pulverem
828 1515 836 1555 ε
858 1491 1057 1559 etiterum:
1100 1492 1142 1557 ln
1163 1488 1382 1559 misericordia
1401 1510 1471 1557 auu

143 1620 148 1628 ·
261 1588 421 1652 suscitans
435 1589 475 1653 de
490 1588 622 1671 pult-ero
637 1588 773 1671 egenum
790 1598 846 1665 ,et
859 1589 900 1653 ‹le
923 1596 1060 1656 stercore
1081 1592 1208 1677 erigena
1228 1608 1402 1677 pauperem
1424 1598 1471 1657 nt

261 1686 390 1751 sedeam
405 1707 480 1750 cum
495 1686 696 1770 principibus
711 1736 719 1761 ‚
733 1693 766 1750 et
781 1686 899 1751 solium
912 1686 1024 1771 glorire
1044 1694 1198 1753 teneam.
1240 1686 1283 1753 ln
1296 1686 1350 1753 dio
1363 1684 1472 1771 igitur

261 1784 420 1848 bonorum
435 1835 444 1860 ‚
459 1806 499 1849 ne
514 1784 680 1849 immemor
695 1784 756 1847 sim
771 1784 931 1848 malorum
946 1835 955 1860 ,
968 1804 1160 1850 memorem
1174 1784 1290 1851 Rabub
1309 1790 1345 1850 ot
1364 1782 1471 1849 Babi-

262 1882 347 1947 lonis
362 1883 534 1947 scientium
549 1904 600 1946 mc
616 1933 624 1958 ,
639 1903 703 1946 non
719 1881 831 1946 Ralrab
845 1883 1024 1947 meretricis
1039 1883 1097 1949 sed
1117 1882 1310 1949 Etheldritaa
1329 1880 1472 1949 moda

264 1983 353 2046 sinna
369 1981 503 2063 uirginis
518 1988 752 2065 cognationes
767 2031 775 2056 ‚
789 2001 848 2064 pro
863 1981 972 2064 sponsi
987 1981 1038 2045 sui
1053 1980 1129 2065 agni
1143 1978 1345 2045 inmaculati
1357 1998 1472 2045 amora

265 2080 467 2163 Croylnndise
482 2080 612 2144 reclusae
627 2130 635 2155 ,
648 2088 683 2144 et
701 2079 735 2142 in
757 2087 899 2163 tempore
921 2078 1141 2144 tribulationis
1158 2099 1240 2145 mota
1258 2098 1311 2144 mo
1330 2076 1367 2141 in
1384 2074 1474 2143 cell!
1655 2154 1660 2159 ¹

265 2199 324 2241 sua
348 2188 487 2261 quatuor
513 2179 672 2242 mensium
698 2178 802 2261 spatio
828 2177 1075 2260 diligentissimo
1098 2176 1325 2243 abscondentis
1344 2194 1364 2239 ι
1384 2172 1474 2243 huie
1589 2176 1592 2181 ’

266 2276 390 2338 inimici
415 2284 448 2339 et
471 2277 693 2359 persequentis
712 2299 719 2338 :
738 2296 861 2340 memor
882 2276 981 2339 etiam
1003 2296 1059 2339 ero
1081 2274 1247 2339 Babilouis
1261 2324 1271 2352 ‚
1283 2292 1351 2339 non
1370 2272 1475 2339 tnrrb
1739 2270 1745 2279 '

267 2376 465 2440 confusionis
478 2377 533 2441 scd
548 2377 758 2441 sanctissimos
773 2375 915 2441 ecclesiae
930 2374 1182 2459 Croplandeusis
1189 2394 1261 2460 quae
1271 2378 1359 2439 tona
1370 2372 1476 2441 nuru

268 2474 309 2539 ad
325 2474 439 2539 culum
455 2476 629 2540 ascendens
646 2475 786 2558 ,vigiliis
802 2481 835 2539 ct
849 2473 1051 2538 orationibus
1064 2473 1199 2557 psalmis
1212 2480 1247 2537 et
1260 2468 1477 2551 lectionibus.

269 2573 450 2657 disciplinis
472 2583 506 2638 et
528 2574 755 2638 afflictionibus
770 2624 778 2649 ,
792 2572 958 2637 lachrimis
979 2578 1015 2636 ct
1035 2562 1256 2657 singultibus,
1272 2566 1478 2635 elocmuduia

268 2681 302 2737 et
328 2674 507 2738 innumeris
534 2673 606 2737 aliis
630 2670 855 2737 devotionibus
880 2670 1077 2755 pietatisque
1102 2669 1217 2734 officiis
1241 2718 1251 2746 ‚
1273 2686 1334 2752 pro
1353 2664 1479 2733 anemo

270 2779 437 2856 peccatore
459 2822 468 2847 ,
491 2771 698 2835 fortissimum
720 2769 908 2835 tiolentiam
929 2788 1029 2851 regno
1049 2766 1203 2833 caelorum
1222 2764 1343 2851 ingerit
1360 2762 1415 2831 dic
1435 2784 1479 2831 ιο

271 2879 393 2936 nocte.

317 2968 433 3053 Itaque
462 2967 616 3052 quoniam
645 2965 836 3032 venerabilia
865 2974 958 3051 pater
984 2964 1137 3030 dominus
1168 2962 1348 3029 surmus
1373 2958 1480 3029 abba·
1503 2954 1510 2963 ’
1568 2952 1574 2959 ’

274 3067 502 3132 cnon-innota
516 3067 658 3149 protexit
672 3085 723 3130 ma
738 3065 773 3129 in
788 3062 997 3129 tabernaculo
1010 3084 1070 3128 suo
1084 3063 1121 3128 in
1135 3062 1188 3127 dia
1202 3060 1360 3127 malorum
1366 3058 1482 3127 calcu·
1575 3078 1578 3083 ·

274 3173 307 3228 et
322 3162 480 3226 salvansa
492 3165 572 3228 facie
588 3163 774 3228 tribulantis
784 3214 792 3238 ,
801 3163 888 3226 ultra
900 3162 1071 3247 privilegia
1086 3182 1229 3226 meorum
1239 3158 1483 3225 antummum

275 3282 386 3344 regum
402 3262 599 3325 ,lierciomm
615 3312 624 3339 ‚
638 3263 696 3346 qui
712 3261 902 3346 praedictmn
916 3260 1149 3325 monasterium
1163 3258 1261 3324 uariis
1274 3256 1485 3323 liternum·

276 3368 309 3424 et
323 3360 465 3423 donariis
480 3359 632 3424 nobiliter
647 3360 853 3425 illustrarunt
867 3409 876 3434 ,
890 3358 989 3423 offero
1008 3366 1043 3422 et
1061 3378 1121 3443 ego
1141 3376 1259 3441 magno
1272 3354 1380 3421 Alteri
1396 3374 1485 3439 pm-

276 3458 356 3522 dicti
385 3460 571 3522 monasterii
601 3459 642 3523 de
671 3465 861 3541 paupertate
890 3476 963 3521 mea
991 3456 1125 3521 calicem
1152 3474 1289 3519 aureum
1313 3503 1324 3532 ,
1350 3472 1486 3519 crucum

277 3576 407 3620 aurcmn
419 3565 467 3631 ,ot
480 3556 624 3619 tabulam
636 3555 767 3640 capellae
782 3555 918 3640 proprire
930 3553 1081 3630 ‚laminis
1095 3554 1200 3617 aureis
1214 3552 1398 3617 donnum
1409 3570 1487 3627 ,no
1535 3572 1538 3577 ·

277 3656 430 3738 profitens
442 3655 536 3719 diotae
551 3653 693 3719 ecclesiae
705 3662 899 3739 perpetuum
910 3673 969 3737 pro
979 3652 1104 3716 tinibus
1114 3650 1322 3717 defensorem.
1343 3650 1489 3735 Insuper

278 3754 428 3837 praecipio
444 3755 593 3818 omnibus
616 3752 772 3817 ministris
796 3752 877 3816 meis
900 3772 958 3835 per
979 3751 1164 3814 universam
1187 3748 1341 3813 Merciam
1362 3748 1488 3815 conati-

278 3852 359 3913 tutis
376 3903 383 3926 ‚
398 3851 485 3933 quod
508 3851 614 3914 abbati
641 3850 868 3934 croylandiae,
887 3848 1054 3912 monacbis
1077 3898 1085 3923 ‚
1104 3856 1140 3912 at
1158 3846 1309 3911 omnibus
1329 3844 1489 3913 tnnibna

279 3948 368 4011 illius
384 3949 580 4011 sunctissimi
594 3950 798 4023 monasterii,
809 3968 885 4012 curn
897 3946 938 4009 ad
950 3946 1098 4009 civitates
1109 3993 1118 4021 ,
1129 3956 1163 4010 et
1176 3942 1310 4009 castella
1322 3942 1410 4029 regia
1421 3940 1492 4027 pro'

280 4067 473 4129 quocunque
495 4048 622 4128 nogotio
642 4048 856 4123 accesserint,
877 4054 1032 4128 tanquam
1057 4042 1234 4107 tt'imundo
1259 4041 1328 4106 tilio
1341 4060 1412 4107 meu
1426 4040 1488 4107 val
1560 4050 1568 4061 '

281 4145 362 4207 mihi
378 4144 531 4207 obediont-
546 4145 579 4207 in
595 4145 745 4209 omnibus
767 4156 800 4209 et
822 4145 1010 4207 ministrent
1026 4194 1034 4217 ,
1048 4142 1131 4205 nihil
1153 4160 1211 4225 pro
1231 4140 1382 4225 expensis
1400 4156 1489 4223 qm

281 4242 350 4324 ipsc
365 4241 419 4304 rel
443 4243 493 4304 sni
514 4244 649 4307 fecerint
669 4243 788 4306 ibidem
808 4242 849 4305 nb
869 4243 916 4305 eis
938 4241 1133 4323 accipientes
1152 4238 1209 4303 sed
1228 4258 1303 4303 cum
1322 4236 1490 4305 linnvat

282 4340 373 4423 signo
403 4339 564 4404 dictorum
594 4342 823 4405 monachornm
848 4389 857 4415 ,
883 4338 1047 4403 archarius
1076 4358 1167 4402 meus
1192 4356 1351 4421 upanaaa
1372 4352 1491 4403 omum

283 4436 470 4518 hujusmodi
496 4487 503 4510 .
528 4460 603 4503 cum
627 4438 706 4502 dicti
731 4438 872 4501 ministri
899 4438 962 4500 mei
987 4436 1272 4499 annumornt'erint
1293 4483 1304 4510 ,
1326 4452 1383 4518 pro
1407 4432 1490 4499 finon

284 4536 407 4619 integre
423 4537 628 4620 acceptabit.
