3816 5258
167 301 231 352 nn.
247 285 337 372 825]
405 318 409 326 ·
567 304 713 355 meacm
732 303 775 354 or
795 272 977 353 munusue
1214 318 1217 325 ·
1301 284 1367 353 585

168 456 332 523 ethumili
347 477 462 540 prece.
477 458 512 524 id
530 459 746 545 deposcebat.
761 480 819 545 pro
841 477 948 523 umore
966 464 1002 523 et
1019 454 1168 522 amidciu
1184 453 1277 521 illius
1291 474 1370 521 ouu-
1397 532 1402 541 Ι
1438 498 1441 503 -

169 557 290 621 sensit.
336 556 440 621 Heres
459 558 546 623 enim
567 579 642 642 sepe
665 559 824 623 nominati
844 555 929 641 regia
951 555 1097 622 Ceouulli
1118 554 1371 639 expetiverunt.

169 652 306 717 cundem
317 660 440 736 patrem
452 664 625 737 patronum
640 665 675 721 et
687 656 930 721 intercessorem
943 654 1060 719 babere
1071 702 1079 718 .
1090 650 1372 739 uepreoehuntquo

168 770 243 813 cum
258 751 373 814 humili
388 751 562 817 devocione
576 802 585 817 .
598 764 638 817 ut
660 774 718 837 pro
740 752 838 838 plena
856 750 1120 816 reconciliacione
1138 748 1318 833 susciperet
1334 746 1373 813 iu

169 854 307 930 quatuor
327 847 428 913 loeis.
444 857 563 913 terram
586 850 727 915 Centum
748 850 953 914 manencium
974 898 983 913 .
1004 847 1136 913 idest.
1158 846 1373 911 Hennam.

170 946 523 1011 Hanurnonrxcumu.
540 950 735 1013 tt'aunnnm
752 949 975 1013 .Gsnn1xon.
1008 946 1100 1010 'lunc
1113 944 1374 1030 archiepiscopus

170 1063 228 1126 pro
242 1064 349 1109 amore
363 1045 428 1109 Dei
445 1052 478 1110 et
499 1047 662 1110 amicabili
682 1046 828 1110 amicicia
850 1045 947 1128 Regis
968 1043 1132 1108 Beornnlfi
1145 1091 1155 1107 .
1167 1041 1247 1107 huic
1262 1060 1376 1107 recou-

171 1141 328 1206 ciliacioni
343 1145 528 1207 consensit.
544 1164 582 1208 ea
604 1144 814 1209 condicione.
830 1151 868 1206 ut
887 1142 1012 1225 prelata
1029 1140 1194 1205 abbatissa
1213 1138 1377 1225 prenomi-

172 1247 280 1303 natam
295 1249 412 1305 tenam
427 1241 532 1304 eidem
552 1241 812 1324 archiepiscopo.
828 1239 920 1302 illam
939 1247 1058 1303 terram
1072 1286 1081 1303 .
1095 1236 1220 1301 scilicet
1233 1236 1376 1303 centnm
1420 1234 1423 1239 ’

172 1338 375 1401 manencium
386 1388 394 1400 .
406 1358 480 1401 curn
495 1338 587 1401 libris
602 1359 683 1422 (ptos
698 1338 799 1421 Angli
813 1336 928 1400 dieunt
942 1385 949 1399 .
966 1335 1094 1399 lunaribus
1105 1383 1114 1399 .
1124 1342 1160 1399 et
1172 1354 1248 1398 cum
1262 1332 1377 1399 endem

173 1436 320 1499 libertate
341 1456 440 1517 qnam
462 1446 538 1501 unte
560 1437 718 1500 habuerat
739 1436 964 1519 inperpetuem
983 1432 1196 1499 hereditatem
1209 1432 1377 1499 moeres.

174 1533 367 1597 Boornnlius
388 1541 498 1598 autem
524 1536 594 1599 Rex
620 1556 696 1600 cunr
719 1534 905 1599 testimonio
931 1533 1035 1599 tocius
1059 1530 1183 1598 mnotlri
1207 1580 1216 1597 .
1238 1530 1378 1597 liberm

122 1616 127 1627 ’
174 1631 303 1694 omnino
318 1632 554 1714 proclamavit.

215 1727 286 1807 ,lsta
308 1749 436 1811 quoqne
458 1730 678 1793 reconciliacio
700 1750 760 1794 nec
781 1729 843 1793 huc
856 1728 928 1792 vice
946 1734 1017 1791 rata
1030 1726 1096 1792 fuit
1108 1726 1275 1812 quiapust
1293 1722 1381 1803 lieu.

175 1825 238 1889 istu
251 1826 420 1908 promissio
436 1876 443 1889 .
460 1844 531 1890 xit,
548 1828 712 1892 mensibus
731 1826 920 1911 inperfecta¹
940 1825 1118 1889 remansit.
1154 1824 1289 1890 lietemi
1301 1830 1382 1889 aunt
1483 1900 1487 1907 Ι

175 1922 262 1986 enim
285 1931 349 1986 tres
371 1933 538 1988 manentes
560 1925 601 1988 de
625 1925 769 2007 predicta
792 1923 980 1988 condicione
1009 1930 1043 1987 et
1066 1922 1144 1986 libri
1164 1920 1382 2007 quadraginta

177 2023 293 2085 Aulum
308 2071 315 2084 .
331 2023 534 2085 trianencinm
550 2071 558 2084 .
575 2022 720 2086 scilicet.
738 2022 821 2085 liber
842 2022 883 2085 de
905 2018 1063 2085 Bocluud²
1076 2070 1085 2085 .
1099 2019 1192 2085 liber
1210 2018 1254 2085 de
1265 2018 1383 2095 wam-

176 2118 268 2182 belea
282 2168 289 2183 .
303 2118 386 2181 liber
400 2119 500 2184 eciam
517 2120 557 2184 de
573 2118 900 2203 llerefrethiuglaude
915 2166 924 2183 .

221 2218 375 2301 Sequenti
391 2237 467 2281 vero
481 2238 566 2282 anno
582 2268 589 2282 .
605 2217 665 2282 hec
686 2218 797 2282 eadem
820 2216 982 2281 abbatissa
1003 2214 1170 2299 flagitabat
1183 2214 1383 2300 colloquium
1409 2274 1412 2279 ,

179 2335 251 2378 curn
267 2336 341 2398 sepe
364 2317 530 2379 nominato
545 2317 615 2379 viro
635 2317 693 2399 qui
715 2325 794 2379 tune
815 2314 969 2399 temporis
989 2320 1060 2377 erat
1080 2312 1116 2377 iu
1137 2313 1267 2397 reg'oue
1280 2310 1385 2377 Uniu-

179 2412 312 2475 eiorum⁸
339 2414 372 2475 in
397 2412 467 2476 loco
488 2415 546 2496 qui
572 2414 692 2479 dicitur
714 2463 721 2477 .
745 2412 958 2477 Oslaueshleu
979 2412 1025 2475 ibi
1048 2412 1137 2475 euim
1157 2410 1290 2475 tenebat
1308 2428 1385 2475 uou-
1460 2428 1471 2461 ι’

180 2510 313 2574 cilium.
348 2510 415 2574 Ubi
431 2532 504 2573 curn
520 2511 626 2574 virum
643 2512 703 2575 Dei
720 2510 899 2574 inuenisset
913 2514 922 2569 t
936 2510 1081 2574 consessa
1093 2517 1145 2573 est
1158 2506 1386 2591 insipientiam

180 2607 303 2672 tardata
314 2609 603 2673 reconciliationis.
628 2608 897 2692 Archicpiscopns
906 2628 983 2671 vero
997 2627 1071 2671 cum
1086 2626 1203 2690 magua
1214 2604 1387 2671 dulcedine

181 2706 369 2770 ostendebat
390 2727 425 2770 se
448 2728 517 2770 csse
539 2708 671 2770 cumino
693 2707 830 2770 liberum
853 2706 892 2769 de
915 2726 990 2789 sepe
1012 2704 1179 2769 nominata
1200 2702 1388 2769 reconcilio·

182 2804 271 2867 cioue
286 2854 293 2867 .
309 2804 349 2868 de
370 2825 429 2867 sua
449 2815 558 2868 antem
581 2811 672 2888 parte
687 2854 695 2867 .
711 2805 745 2868 id
763 2812 813 2867 est
828 2853 836 2868 .
851 2803 1015 2867 abbatissa
1028 2849 1037 2865 .
1051 2800 1147 2886 plura
1166 2801 1277 2867 deesse
1290 2850 1300 2865 .
1313 2820 1389 2885 qun
1503 2800 1506 2805 ’

182 2901 312 2966 reddere
334 2902 529 2966 debuisset..
575 2906 621 2965 At
646 2902 702 2965 illa
728 2922 834 2966 coram
861 2902 967 2984 posita
989 2900 1126 2965 concilio
1146 2949 1155 2965 .
1176 2900 1301 2965 suffusa
1320 2898 1390 2965 levi

183 3000 303 3083 pudore
319 3049 325 3062 .
342 3000 450 3062 omnia
476 3020 548 3082 qaue
573 3000 706 3064 dcerunt
732 3000 901 3063 humiliter
926 2999 1075 3084 promisit
1097 3020 1133 3065 so
1155 2998 1355 3065 redditurum
1377 3044 1390 3063 .

182 3100 281 3165 libros
296 3100 395 3165 etiam
417 3100 620 3182 quarundam
643 3111 799 3164 tamarum
822 3121 903 3184 quos
925 3109 1000 3164 unte
1021 3121 1087 3164 nou
1108 3101 1391 3183 prominentem

183 3198 277 3261 terris
302 3198 337 3259 in
363 3196 475 3259 eodem
500 3198 636 3261 coneilio
651 3204 659 3260 t
674 3199 914 3282 archiepiscopo
936 3198 1052 3262 libenti
1073 3199 1183 3263 auimo
1202 3197 1360 3263 reddebat
1378 3246 1390 3263 .
1415 3280 1418 3285 ¹

185 3298 334 3380 Agellum
345 3318 473 3380 quoque
485 3308 624 3381 quatuor
635 3299 840 3363 rrraucneiuur
856 3320 915 3382 pro
930 3299 1001 3381 ejus
1014 3300 1161 3363 amicicia
1172 3299 1292 3380 adjecit
1301 3298 1391 3383 apud

186 3398 327 3479 Hergam
342 3402 349 3453 t
366 3404 483 3459 terram
505 3417 634 3479 quoque
657 3399 803 3480 Triginta
826 3397 1030 3461 manencium
1051 3396 1250 3463 ubidicitur
1264 3396 1392 3463 Onmbs

185 3516 259 3560 eum
274 3494 384 3557 libello
399 3494 543 3574 ejusdem
559 3503 641 3559 tene
657 3516 714 3577 pro
728 3495 956 3559 crutendacione
971 3494 1209 3579 archiepiscopo
1223 3494 1335 3561 dedit.
1348 3502 1393 3561 ut

186 3596 276 3658 firma
286 3592 432 3655 amicicia
443 3593 528 3655 inter
543 3613 654 3656 omnes
669 3594 801 3656 heredes
817 3592 944 3657 Cenulti
959 3592 1059 3677 regis.
1070 3592 1392 3679 etambiepiaoopum
1457 3586 1460 3591 ¹

186 3691 311 3756 stabilis
326 3696 529 3773 permaneret
544 3741 552 3755 .

231 3788 499 3871 Arehicpiseopns
515 3796 624 3852 autern
639 3788 702 3851 hiis
723 3788 872 3852 ornatibus
892 3808 1057 3853 assensum
1072 3788 1223 3872 prebuit.
1237 3787 1393 3855 baconu-

186 3888 310 3951 dieione
335 3892 344 3946 t
372 3896 410 3948 ut
440 3887 571 3949 uomina
601 3887 817 3969 predictorum
846 3886 1052 3969 agellorum.
1079 3887 1147 3949 siut
1175 3886 1290 3951 abrasa
1313 3934 1323 3951 .
1345 3884 1391 3953 de

189 3986 330 4068 antiquis
342 3984 519 4068 privilegiis
531 4006 604 4068 quae
620 3985 784 4067 pertinent
798 3985 839 4048 ud
852 3984 1093 4048 tt'incelcumne
1104 4034 1111 4049 .
1123 4004 1165 4050 ne
1179 3984 1215 4049 in
1226 3992 1395 4069 posterum

189 4084 299 4165 aliqua
320 4084 538 4146 controversia
560 4083 721 4146 excitetur
743 4132 751 4147 .
775 4082 815 4146 de
839 4083 902 4146 hoc
926 4080 1014 4166 quod
1036 4082 1175 4147 sinodali
1199 4083 1395 4149 anctoritate

190 4182 317 4244 finitum
333 4189 381 4243 est
399 4223 408 4239 ·
423 4190 456 4245 et
471 4182 563 4265 siguo
579 4181 680 4245 eureis
696 4182 858 4244 firmatum
873 4230 881 4245 .

192 4328 242 4376 [m]
253 4328 302 4369 lis.
312 4328 425 4369 umbcth
437 4329 495 4377 1212,
504 4340 527 4379 p.
537 4331 584 4369 stt.
816 4327 865 4375 stt}
876 4327 973 4368 ilerden
983 4327 1031 4369 and
1041 4327 1137 4375 stubbs.
1144 4328 1191 4369 rol.
1198 4328 1233 4375 ill.
1242 4338 1266 4381 p.
1274 4328 1321 4370 nt

191 4390 310 4493 [nu‘ugt.
321 4392 389 4435 nus..
403 4390 488 4432 conon
504 4391 561 4439 ns„
576 4391 688 4432 enuere·
702 4390 729 4432 n.
744 4390 769 4437 n,
792 4360 798 4491 ι
817 4390 921 4492 unffi
926 4389 975 4492 pp
984 4390 1091 4493 ιορίιης
1105 4389 1168 4431 amn
1176 4388 1400 4435 ummo..

242 4557 250 4588 ¹
268 4558 342 4625 ιωμ,
356 4557 391 4609 Η.
508 4560 632 4622 =1aen.‚
644 4558 679 4611 Η.
795 4556 807 4587 ³
825 4558 995 4618 mutatorum,
1006 4558 1126 4621 emtus,
1137 4558 1286 4627 eitum.
1297 4558 1353 4623 aa,
1365 4556 1403 4621 ο,
