3816 5258
358 329 518 415 nn.74r.]
623 379 625 383 .
679 427 686 433 q
730 347 946 397 nrunnnaur
966 347 1009 396 ro
1030 347 1185 397 nrsuuor.
1489 336 1552 402 231

364 649 435 712 160.
464 647 566 711 Gruat
589 649 629 730 by
647 650 844 726 AEsuilocruc
859 651 949 733 Kiup
969 652 1008 734 of
1018 652 1109 729 Kcat,
1132 654 1170 735 os
1185 675 1207 716 a
1222 654 1342 736 fisltcry
1360 661 1390 718 to
1404 648 1580 738 lyvaiuqe'

512 752 516 759 '
631 751 818 835 Movmetcry.
862 770 924 816 un.
942 754 1005 818 741
1023 754 1072 818 lor
1086 754 1149 820 740
1163 753 1232 837 (t).¹

364 973 367 977 ,
409 901 513 982 ›1⁴Iu
540 900 671 965 nomine
700 900 820 965 domini
851 903 913 967 Dei
943 903 1112 967 salvatoris
1141 904 1242 968 nostri
1271 903 1375 969 Jlresu
1406 905 1559 973 Christi.

364 1003 590 1066 Prot-abilibus
625 1003 792 1068 desideriis
828 1011 862 1068 et
898 1006 1108 1088 petitionibus
1137 1006 1199 1089 piis
1232 1026 1397 1071 assensum
1433 1029 1561 1094 semper

347 1103 504 1187 ,praebere
527 1101 703 1184 gloriosum
726 1109 850 1167 constat
871 1125 941 1168 esse
968 1112 1001 1168 et
1023 1113 1144 1168 rectum
1164 1111 1198 1169 et
1221 1110 1292 1168 tmn
1319 1107 1458 1171 inarime
1484 1128 1560 1172 cum

260 1263 262 1267 ,
312 1199 318 1213 ’
364 1200 475 1264 eadem
491 1199 650 1264 desideria
672 1209 706 1264 ct
727 1203 897 1284 petitiones
919 1202 960 1265 ad
983 1202 1184 1267 dilatandum
1203 1211 1235 1267 ct
1257 1204 1436 1287 aagendam
1457 1207 1560 1269 vitam

366 1298 488 1363 Christi
510 1298 712 1362 soeculorum
736 1301 869 1382 ejusque
892 1321 1056 1364 seruorum
1080 1301 1276 1384 respiciunt.
1295 1322 1360 1384 qua
1380 1302 1421 1367 de
1442 1323 1477 1367 rc
1503 1325 1562 1387 ego

344 1396 345 1400 ’
367 1395 598 1460 AErrunnnunr
608 1418 666 1460 rcx
682 1398 925 1461 Cautuariorum
941 1418 998 1481 pro
1013 1399 1150 1462 remedio
1165 1402 1279 1463 animae
1294 1421 1373 1464 nreae
1395 1409 1563 1485 capturam

366 1495 504 1578 piscium
519 1495 605 1578 qruod
625 1504 675 1559 cst
697 1497 732 1559 iu
754 1496 835 1560 ostio
858 1497 1001 1559 fluminis
1025 1498 1115 1577 eujus
1136 1518 1252 1561 nomeu
1274 1507 1324 1562 est
1346 1514 1440 1563 nlius*
1461 1516 1514 1563 aa
1529 1509 1564 1565 et

367 1604 491 1677 partem
505 1593 573 1674 agri
596 1592 630 1654 in
647 1614 712 1676 qua
727 1594 824 1656 situm
840 1605 889 1657 est
904 1594 1077 1658 oratorium
1089 1597 1190 1659 sancti
1207 1596 1339 1659 Martini
1355 1618 1434 1661 cum
1449 1598 1564 1662 edibus
1657 1638 1659 1642 »

368 1691 565 1774 piscatorum
588 1701 622 1755 et
652 1699 742 1755 extra
765 1711 834 1755 eom
864 1701 1014 1774 quartam
1045 1702 1166 1774 partem
1193 1695 1290 1756 aratri
1313 1695 1396 1758 cirea
1425 1695 1564 1759 eirndem

369 1788 474 1853 locum
492 1796 526 1852 et
534 1789 668 1853 alterum
684 1798 808 1872 partem
816 1790 898 1872 juris
913 1791 977 1852 mei
988 1790 1027 1853 ad
1040 1791 1232 1873 pascendum
1247 1840 1255 1854 .
1271 1807 1311 1854 ct.
1324 1841 1331 1854 .
1344 1793 1565 1873 jumentorum

367 1889 463 1970 juxta
492 1887 630 1951 marisco
665 1889 721 1970 qui
744 1887 862 1950 dicitur
884 1887 1030 1970 biscopes
1062 1888 1137 1952 triuio
1168 1887 1335 1971 usquead
1362 1889 1478 1952 silbam
1508 1890 1565 1972 qui

370 1985 553 2068 appellatur
576 1985 662 2067 Ripp
692 1995 725 2048 et
757 1984 798 2047 ad
821 1985 975 2047 terminos
998 1984 1222 2049 Sutbmxouiae
1247 1985 1332 2048 sicut
1353 1985 1431 2048 olim
1453 1985 1569 2050 habuit

372 2084 537 2147 Romanus
551 2085 720 2166 presbyter
733 2083 773 2146 ad
784 2083 950 2146 ecclesiam
963 2083 1137 2146 beatissimi
1150 2082 1283 2166 birginis
1295 2083 1407 2146 llariec
1422 2083 1508 2166 quod
1519 2093 1570 2147 est
1649 2108 1658 2120 ·'

372 2183 407 2244 in
427 2196 624 2243 nltimam
646 2179 785 2244 libenter
806 2180 924 2244 donati
943 2190 1041 2263 atquc
1063 2181 1146 2245 douo
1168 2181 1308 2264 regimen
1327 2180 1466 2244 habente
1485 2182 1570 2262 ejus·

373 2278 447 2341 dcun
469 2279 657 2341 monasterii
680 2277 796 2341 domno
821 2278 1024 2343 Cuthberhto
1048 2278 1283 2363 archiepiscopo
1307 2286 1387 2343 tunc
1418 2278 1571 2362 temporis

373 2376 506 2439 abbati.

418 2474 541 2537 l'emrn
564 2474 641 2556 qnia
663 2474 840 2538 cavendum
862 2482 912 2538 est
933 2494 975 2537 ne
996 2473 1181 2538 hodiernam
1204 2474 1408 2539 donationem
1430 2484 1573 2538 nostram

378 2572 479 2635 luturi
506 2573 661 2656 temporis
687 2573 841 2655 abnegare
867 2571 976 2634 valeat
1001 2582 1034 2635 et
1053 2573 1087 2636 iu
1111 2573 1296 2656 arrrbiguum
1319 2572 1474 2636 deuocare
1501 2592 1574 2654 pre-

376 2671 518 2754 sumptio
534 2720 542 2746 ,
558 2670 686 2733 Placuit
702 2671 779 2734 mihi
796 2670 878 2734 hanc
895 2670 1044 2753 pagiucm
1061 2671 1193 2734 condem
1208 2691 1373 2754 perquam
1389 2691 1452 2733 uon
1469 2669 1575 2733 solum

376 2770 526 2832 omnibus
550 2770 631 2832 meis
657 2771 891 2860 successoribus
914 2780 1012 2852 atque
1038 2769 1207 2832 heredibus
1233 2777 1282 2832 set
1307 2769 1404 2832 ctiam
1427 2768 1577 2831 mihimet

297 2877 302 2886 ’
377 2870 440 2952 ipsi
454 2868 612 2931 interdico
635 2890 675 2932 ue
698 2868 790 2931 aliter
812 2889 908 2951 (prum
935 2868 954 2931 ai
977 2889 1028 2931 mc
1048 2869 1259 2930 constitutum
1274 2875 1325 2929 est
1345 2865 1412 2928 ullo
1434 2874 1577 2948 tempore

377 2968 546 3051 quippiam
567 2988 661 3049 agere
683 2967 822 3030 audeaut
843 2967 930 3051 qtrod
960 2967 988 3029 si
1010 2967 1067 3049 qui
1087 2969 1167 3028 l'ortc
1188 2965 1355 3028 obseruare
1377 2963 1578 3046 neglexerint

377 3076 410 3131 ct
426 3066 546 3149 absque
570 3066 668 3145 digua
684 3066 900 3128 satisfactione
923 3065 1080 3148 presentis
1096 3065 1170 3127 vitre
1188 3063 1395 3146 impleberint
1414 3062 1482 3125 dies
1497 3062 1579 3124 sciat

378 3187 413 3230 se
428 3165 661 3248 omnipiteutis
676 3164 737 3226 Dei
748 3164 827 3226 imru
844 3164 1004 3227 incurrere
1019 3172 1051 3228 et
1067 3161 1085 3225 ai
1100 3162 1231 3226 socitate
1241 3168 1423 3224 sanctorum
1432 3159 1577 3223 omnium

379 3275 610 3346 segregatum.
635 3261 794 3338 Quoniam
826 3261 1061 3324 sanctissimam
1089 3260 1280 3324 beatissnme
1304 3258 1438 3338 virginis
1464 3255 1580 3320 Mariae

380 3362 486 3426 locum
501 3361 690 3424 deouesture
710 3368 842 3424 conatus
857 3370 907 3423 est
924 3408 933 3424 .
950 3359 1015 3436 Qui
1031 3380 1104 3423 uero
1122 3360 1192 3422 hacc
1211 3356 1357 3440 augenda
1371 3354 1581 3418 custodierint

380 3458 528 3543 nihilque
551 3460 735 3541 inrogarent
758 3457 882 3521 aduersi
897 3507 905 3520 .
921 3457 1053 3520 auribus
1075 3455 1254 3539 percipiant
1276 3473 1386 3516 rocem
1399 3449 1581 3514 clementis·

380 3559 454 3622 simi
473 3557 593 3640 judicis
610 3557 786 3639 inquientis
801 3556 841 3618 ad
857 3556 950 3639 pios.
967 3552 1292 3618 “l'euite21euedieti
1317 3550 1417 3633 patris
1432 3549 1495 3612 mei
1511 3567 1582 3630 per·

383 3656 481 3739 cipite
496 3676 632 3739 reguum
647 3654 732 3737 quod
747 3655 839 3717 vobis
853 3661 1003 3736 paratum
1018 3662 1068 3716 est
1082 3652 1123 3714 ab
1137 3651 1257 3733 origine
1272 3647 1425 3712 mundi'.

431 3757 553 3817 Actum
579 3753 615 3815 in
638 3752 708 3816 loco
734 3752 791 3836 qui
814 3752 934 3815 dicitur
950 3750 1111 3814 liminiaoe
1129 3751 1226 3812 Anno
1245 3746 1413 3809 dominicae
1436 3744 1583 3806 incerna-

385 3853 505 3916 tionis.
522 3867 664 3915 nccxnr.
681 3850 861 3915 Indictione
876 3866 915 3914 111
931 3899 939 3914 .
1187 3860 1189 3865 '
1413 3844 1415 3849 ’

517 3989 558 4067 ›1‹
581 3986 649 4069 ω
665 3984 903 4049 AEthilberhtus
924 4005 980 4048 rex
1007 3981 1127 4048 Cantiue
1150 3980 1234 4045 hauc
1259 3978 1463 4041 donatiouem
1487 3995 1506 4038 a
1531 3995 1583 4038 rue

648 4084 765 4148 iactam
781 4084 907 4166 pmpria
922 4103 1021 4145 manu
1034 4082 1123 4162 signo
1134 4089 1251 4142 sauctse
1266 4076 1370 4140 crucis
1384 4073 1550 4137 roborati.

520 4186 561 4264 ἦ
584 4184 653 4265 Ego
668 4183 889 4247 Cutlrbcrhtus
907 4181 1011 4264 gnatis
1030 4181 1091 4243 Dei
1111 4177 1366 4259 archiepiscopus
1388 4173 1473 4234 bano
1496 4170 1584 4252 piaur

650 4282 853 4345 donatiouem
871 4279 1008 4362 predicti
1024 4279 1105 4360 regis
1120 4274 1265 4340 consensi
1276 4281 1309 4336 et
1324 4269 1518 4352 subscripsi.

522 4385 563 4463 ›1‹
586 4382 721 4464 Signum
736 4399 851 4443 uranus
866 4376 1078 4441 Balthhardi.

439 4523 448 4556 ¹
467 4524 575 4574 Kemlrle
586 4523 714 4572 muriam
733 4522 785 4569 tbis
804 4521 904 4568 charta-r
915 4519 1031 4581 genetiuo,
1043 4517 1091 4565 but
1109 4516 1136 4564 oi
1151 4513 1258 4563 difficule
1274 4511 1341 4569 (lete,
1357 4525 1385 4555 as
1400 4507 1446 4556 the
1461 4523 1521 4570 year
1537 4506 1587 4554 and

356 4631 364 4640 ·
392 4606 516 4656 indiction
528 4605 562 4653 do
571 4611 617 4653 not
628 4620 709 4666 agree,
719 4603 769 4652 and
779 4601 887 4650 marim
898 4606 927 4647 to
938 4600 960 4648 it
971 4599 1015 4646 the
1026 4598 1084 4645 (late
1096 4597 1152 4647 740.
1299 4591 1311 4623 ’
1326 4591 1401 4640 urm
1412 4604 1471 4650 m,
1482 4590 1521 4638 84.
