3816 5258
250 364 313 412 un.
329 346 417 431 802]
616 435 618 440 k
681 363 742 412 mo
765 363 806 412 ιιι
819 306 870 413 ro
893 362 1034 413 susum.
1371 342 1461 429 Ι425

251 520 318 583 illis
331 519 476 602 epistolis
485 520 686 603 repperimus
700 571 708 583 .
723 520 865 604 qualiter
879 520 981 603 gratia
998 534 1115 583 nostrae
1129 516 1319 602 apostolicis
1339 516 1464 581 trmcti·

252 616 358 682 onis¹.
392 616 419 679 si
435 618 532 698 juxta
558 618 703 682 fuissetis
727 619 869 682 aniriiam
896 626 1035 682 vestram
1061 638 1121 701 pro
1154 615 1249 681 nohis
1270 613 1463 701 posuissetis

251 716 389 797 letrigue
415 762 423 777 .
448 715 554 777 linrno
575 727 610 779 ιι
639 728 759 781 nostrae
783 715 988 799 pmsperitati
1010 714 1152 779 maltum
1174 714 1210 779 in
1231 712 1365 779 domiuo
1384 732 1463 779 ocu·
1522 784 1541 801 Ι,

252 811 418 896 masticatis
440 861 448 875 .
468 820 502 874 et
523 813 653 895 quando
675 822 792 876 riostne
813 813 1008 877 dulcissima·
1028 810 1262 877 admonitionis
1281 810 1400 877 litterae
1419 808 1464 873 ad
1556 830 1561 837 ·

252 920 369 977 vestrae
384 913 610 975 unanimitatis
628 915 824 995 pervemunt
843 934 937 977 aures
951 962 959 977 .
974 934 1049 977 cum
1068 912 1160 977 omni
1179 912 1343 977 suasum
1356 910 1465 977 cordia

252 1024 285 1078 et
299 1014 416 1096 gaudio
431 1015 570 1096 spiritali
586 1015 680 1097 quasi
703 1014 763 1077 filii
774 1023 950 1097 'laternum
971 1035 1090 1078 munus
1104 1014 1268 1099 suscipere
1289 1011 1464 1079 fatemini.

253 1114 428 1178 Fatebatur
442 1133 519 1175 vcro
533 1122 568 1175 et
581 1112 643 1175 hoc
654 1112 742 1196 qnod
757 1110 1012 1195 aliquantulum²
1021 1134 1062 1177 ex
1078 1122 1185 1176 vestra
1195 1110 1351 1176 facultate
1366 1110 1464 1175 beno

252 1212 426 1275 dictionem
448 1211 542 1274 nobis
564 1211 671 1274 offerri
694 1210 914 1274 demandastis
928 1260 936 1273 .
952 1211 1056 1275 idest
1078 1218 1211 1275 centum
1233 1209 1351 1295 siginti
1371 1228 1465 1273 mon·

254 1312 376 1378 cusas.
391 1334 473 1395 quas
482 1333 555 1375 cam
566 1332 682 1393 triagno
691 1332 799 1375 amore
808 1332 866 1394 pro
876 1312 1117 1377 ariirmuvestrae
1126 1312 1233 1376 solute
1243 1310 1465 1394 suscepimus.

175 1398 177 1402 Α
255 1414 298 1476 Et
307 1411 480 1495 predictus
489 1410 750 1493 archiepiscopus
761 1430 835 1472 curn
852 1410 947 1474 sociis
961 1410 1030 1473 suis
1042 1410 1217 1474 honorifice
1230 1429 1270 1473 ae
1282 1408 1423 1493 benigno
1443 1408 1467 1473 t

255 1511 347 1574 nohis
362 1518 531 1591 susceptus
546 1517 595 1571 est
610 1515 618 1569 t
635 1520 669 1571 et
683 1507 831 1588 adjurari
847 1529 920 1571 eum
937 1508 972 1571 iu
986 1508 1054 1572 suis
1068 1508 1317 1573 necessitatium
1326 1507 1467 1571 libenter

254 1608 410 1671 lecimus.
430 1607 559 1669 interea
573 1605 741 1669 eredentes
757 1616 871 1668 restae
892 1606 1151 1688 pmdentissimre
1168 1605 1370 1670 excellentia·
1382 1653 1392 1669 .
1406 1602 1466 1667 nbi

256 1705 418 1768 terebatur
439 1704 473 1765 in
494 1704 572 1785 ipsis
587 1705 654 1765 tuis
674 1703 834 1779 iemalibus
849 1704 1017 1786 apicibus.
1032 1703 1120 1787 quod
1141 1702 1262 1767 nostris
1279 1700 1466 1787 apostolicis

254 1802 474 1866 sanctionibus
499 1800 612 1864 nrdlns
641 1800 849 1864 Christianus
873 1801 1030 1865 ‹mntmire
1055 1801 1265 1884 pssumis!
1290 1800 1363 1865 ideo
1386 1798 1467 1863 totis

256 1899 380 1963 nisibus
395 1899 515 1961 nostris
537 1919 575 1960 ea
597 1910 746 1981 quietae
764 1920 862 1980 regno
885 1899 1064 1981 expediunt
1077 1948 1085 1963 .
1100 1900 1250 1963 emittere
1269 1906 1369 1981 atine
1385 1918 1468 1982 prte-

256 1998 362 2061 dicue
376 2018 531 2060 commun
541 2002 550 2058 ί
562 2007 600 2059 ιιι
613 2018 650 2060 ca
666 2016 739 2078 quae
752 1995 844 2059 vohis
859 1997 1011 2079 puelatus
1022 1998 1121 2060 irater
1135 2004 1246 2060 noster
1260 1994 1470 2061 Ethelnrdue⁸

256 2098 544 2180 archiepiscopus.
567 2117 626 2161 seu
657 2104 727 2159 tota
756 2097 891 2160 sinodus
916 2096 1124 2179 evangelica‘
1152 2108 1253 2181 aulus
1280 2096 1467 2180 apostolice

257 2182 411 2259 doctrinae
431 2205 681 2277 structuramque
693 2206 842 2277 patrum.
859 2215 984 2258 necnon
1003 2194 1270 2277 lramleuessormn
1283 2202 1470 2261 sanctourm

256 2304 437 2357 nostrorum
459 2294 650 2375 pontificum
673 2293 828 2356 canoniea
848 2313 984 2355 censura
1004 2292 1222 2377 praedicante.
1238 2299 1354 2357 vostrae
1367 2292 1470 2379 regali

258 2391 456 2454 excellentia·
471 2412 528 2454 sea
545 2391 674 2454 oraretis
682 2390 885 2473 principibus
899 2390 1006 2473 gentis
1016 2401 1131 2454 vesane
1140 2400 1174 2455 et
1183 2390 1336 2455 uniuerso
1349 2390 1472 2477 populo

257 2489 318 2552 liei
334 2489 504 2552 edisserit!
529 2510 735 2572 rreqaaquam
759 2489 795 2551 iu
818 2488 996 2552 ortlrodoxa
1015 2509 1126 2552 eorum
1141 2488 1288 2553 doctrina
1301 2489 1472 2575 quippiam

258 2588 405 2651 resistere
435 2588 579 2652 delestis
609 2638 617 2651 .
648 2588 779 2650 ‹lornino
810 2608 847 2651 ac
878 2588 1078 2672 redemptore
1105 2595 1215 2652 nostro
1245 2588 1280 2651 in
1303 2589 1473 2673 evangelio

259 2687 385 2749 dicente
408 2737 414 2749 .
439 2687 496 2749 uhi
518 2688 564 2749 ait
580 2736 587 2749 .
604 2696 619 2719 ‘¹
633 2686 704 2770 ιμιί7
726 2707 784 2747 uos
806 2686 947 2769 recipit!
970 2708 1022 2751 mc
1043 2687 1161 2770 recipit
1181 2737 1189 2752 .
1212 2686 1256 2751 Et
1277 2687 1337 2773 qui
1357 2682 1475 2773 recipit

259 2785 449 2868 prophetam
473 2785 507 2847 in
531 2786 662 2848 nomino
685 2784 849 2867 propheta·
871 2790 879 2844 Ξ
903 2785 1081 2849 mercedem
1104 2784 1271 2869 prophetas
1295 2784 1474 2870 accipict”.

261 2868 390 2958 tirtarrtti
405 2884 506 2964 magis
522 2903 581 2965 pro
596 2884 666 2965 ipso
681 2881 857 2965 sepelies>
878 2882 1118 2965 areliiepiscepm
1133 2934 1141 2947 .
1155 2903 1254 2965 quem
1269 2883 1364 2947 nobis
1377 2882 1475 2949 valdo

258 2981 418 3063 nhnisque
443 2980 680 3043 collaudastis.
704 2981 799 3043 sicuti
824 2992 858 3044 et
880 2990 931 3043 est
960 2980 1113 3044 uidelicet
1134 2980 1347 3045 clarissimus⁸
1373 2989 1475 3067 atquc

259 3082 473 3164 peritissimus
501 3132 508 3145 .
532 3093 565 3144 ct
596 3084 672 3165 qrria
700 3083 795 3145 illum
826 3084 917 3146 scitis
947 3084 1141 3165 prudentem
1168 3132 1177 3149 .
1203 3084 1297 3149 bonis
1322 3092 1474 3151 ornatum

260 3180 403 3242 moribus
419 3180 510 3244 meo
525 3187 558 3242 et
573 3180 760 3243 hominilms
772 3181 907 3263 digmtm
926 3185 937 3244 i
960 3182 1042 3245 Ecce
1055 3182 1101 3245 tili
1116 3182 1348 3247 dulcissimcet
1361 3202 1476 3249 amnn-

261 3280 384 3343 tissime
406 3292 503 3362 adpre
527 3283 793 3364 lmustantissime
816 3303 873 3345 rex
896 3283 978 3347 bone
1000 3284 1059 3346 ‚in
1081 3283 1133 3347 his
1155 3284 1222 3347 tuis
1243 3284 1475 3350 assertiombus

261 3381 481 3445 wllaudamus
502 3386 611 3447 Deum
627 3386 883 3468 omnipotentem
901 3437 908 3449 .
923 3387 981 3468 qui
1003 3384 1102 3449 talem
1125 3386 1218 3449 vobis
1237 3384 1499 3453 demonstrarit

261 3483 439 3546 astitistitem
455 3535 462 3547 .
477 3486 535 3567 qai
558 3487 644 3548 sicat·
666 3506 762 3549 verus
785 3502 895 3568 pastor
916 3487 1058 3550 indicere
1076 3486 1183 3549 verbis
1205 3488 1383 3551 secundum
1398 3486 1476 3554 doo-

261 3581 379 3643 triuam
401 3593 586 3645 mattarum
610 3585 841 3665 scripturarum
871 3585 1004 3663 «lignem
1032 3584 1262 3666 poeniwntiam
1283 3582 1375 3649 valet
1403 3636 1412 3651 .
1439 3592 1477 3651 ot

262 3699 370 3742 emere
385 3682 442 3762 qai
458 3682 518 3743 suh
534 3682 660 3744 ditione
676 3682 866 3745 sucerdotsli
888 3683 959 3762 ejus
980 3682 1128 3745 existunt
1144 3732 1152 3745 .
1167 3682 1294 3744 anirnas
1307 3703 1420 3747 eorum
1432 3704 1477 3749 cx

261 3778 385 3840 interno
401 3780 550 3842 interime
566 3832 573 3843 .
590 3790 625 3842 et
639 3781 681 3842 ah
698 3781 772 3859 igue
786 3780 1027 3861 inextinguibili
1050 3779 1213 3843 delumens
1233 3799 1289 3843 eos
1303 3828 1311 3843 .
1327 3791 1363 3843 et
1376 3780 1478 3846 inire-
1566 3818 1571 3825 ·

260 3875 381 3939 ducens
403 3878 582 3959 inportuni
608 3879 725 3940 astutis
741 3928 748 3940 .
763 3887 794 3941 ct
819 3882 932 3941 oil'erre
954 3896 1011 3959 pro
1034 3875 1100 3940 illis
1123 3877 1264 3940 hostiam
1287 3876 1420 3960 ‹ngnm
1441 3886 1479 3945 ct

261 3974 501 4037 immaculatam
525 3976 558 4038 in
582 3987 759 4058 ccmspoetu
782 3975 902 4037 diviua·
932 3975 1111 4056 rriajestatis
1133 3974 1351 4058 omnipotenti
1373 3976 1477 4041 Deo·

262 4074 305 4136 Et
320 4076 394 4157 quia
411 4076 554 4139 multum
571 4078 664 4139 nadis
683 4078 937 4159 prenominatus
955 4078 1214 4160 archiepiscopus
1229 4076 1264 4139 in
1279 4077 1369 4140 omni
1384 4096 1478 4143 οιιιιο-

263 4173 355 4235 titate
371 4184 474 4237 suaet
493 4177 569 4237 vita·
584 4176 827 4239 mimersatione
843 4175 929 4237 tulero
944 4176 1089 4257 citnnpre
1105 4174 1229 4256 placuit
1243 4182 1251 4233 t
1268 4174 1363 4238 valde
1378 4175 1478 4241 nimis

263 4272 291 4333 ei
308 4272 472 4336 eredentes
488 4324 494 4335 .
511 4295 551 4337 cx
575 4277 768 4337 anctoritate
788 4274 817 4336 oi
840 4274 928 4336 beati
949 4274 1036 4335 l'etri
1063 4271 1281 4355 arposwlornm
1297 4272 1478 4356 principis.

262 4371 355 4449 eujus
375 4371 425 4434 vel
443 4373 595 4437 irmneaiti
614 4375 700 4435 sices
714 4372 881 4454 gerimus.
906 4371 1004 4434 oriem
1028 4371 1225 4454 praebuimus
1247 4369 1479 4453 praesulatum!

313 4494 321 4525 ¹
333 4511 364 4544 n.
373 4514 387 4543 a
396 4535 402 4545 .
412 4498 424 4545 l
433 4515 487 4561 ,μ
501 4498 533 4547 Β.
657 4501 668 4528 ¹
680 4500 770 4557 niam,
784 4497 821 4547 Η.
938 4501 949 4531 ⁸
966 4498 1105 4560 Masculus,
1118 4496 1153 4547 Η.
1163 4515 1216 4549 eur.
1333 4498 1432 4562 ⁴·met‚
1444 4498 1479 4551 Β.

264 4570 447 4633 ⁵lide-lbertno,
462 4573 493 4622 Β.
586 4574 597 4603 ⁸
616 4576 684 4623 llere
705 4575 735 4624 Β.
749 4576 813 4622 ends
830 4584 857 4623 at
876 4576 922 4623 the
943 4577 1045 4624 inituim
1062 4576 1090 4624 ol
1108 4592 1123 4624 a
1139 4576 1199 4635 lesit,
1215 4575 1262 4625 the
1280 4576 1412 4641 tdtowiog
1427 4576 1481 4629 ld

266 4644 340 4710 tuing
351 4649 408 4696 lost.
523 4650 533 4680 ⁷
547 4653 622 4701 state
635 4668 661 4712 x,
674 4654 714 4710 40,
730 4655 769 4701 41.
882 4653 893 4683 ¹
909 4652 1082 4717 Dignissimus
1092 4652 1246 4712 osriuimue,
1256 4653 1341 4702 added
1353 4650 1389 4703 Ι·Ι.
1401 4670 1454 4705 m.
