3816 5258
373 432 439 484 au.
452 416 541 503 778.]
791 434 964 483 nocemur
984 435 1027 484 ro
1049 434 1160 483 orara

509 592 549 671 ιιι
573 590 641 674 Ego
655 590 792 674 Botpine
808 590 933 656 abbas.

510 691 549 768 ›1‹
573 689 708 772 Signum
723 709 838 753 rnauua
852 689 969 753 Patami
980 686 1160 773 principis,¹

509 790 548 869 ἦ(
572 788 708 871 Signum
723 808 838 851 manus
855 786 1064 873 Bethtpaldi¹

378 954 842 1005 [armanamnens-rnxmasa
997 953 1222 1003 [taruennam.
1234 951 1458 1003 muranum.
1487 950 1581 993 mana·

377 1016 862 1065 {arcanusmsernsannaroea
1048 1015 1300 1062 mammutium.

381 1490 454 1556 227.
479 1487 579 1550 Grani
589 1487 627 1570 ty
635 1486 792 1568 Eyclcrdt,
806 1488 897 1570 Kinq
910 1490 950 1571 os
959 1489 1053 1565 Korn,
1064 1495 1094 1553 to
1110 1489 1220 1562 Dioro,
1235 1486 1398 1571 Bislmpof
1409 1486 1581 1564 Rodrcster,

688 1586 728 1668 os
742 1586 823 1649 Inrrd
836 1594 871 1648 at
887 1587 1079 1669 Brochdcq.
1123 1602 1187 1650 ab.
1204 1584 1278 1652 778.

820 1720 888 1784 De⁸
909 1721 1148 1785 Baonoauaua

429 1862 469 1942 ᾧ
493 1861 534 1923 Ia
549 1859 679 1923 nomine
699 1859 822 1923 domiui
842 1860 945 1923 nostri
964 1861 1069 1924 Jhesn
1084 1859 1228 1925 Christi.
1244 1859 1372 1942 pietatis
1392 1859 1585 1927 beneficium

384 1959 470 2043 quod
492 1959 630 2042 quisquc
652 1957 797 2020 fidelium
819 1979 878 2041 pro
902 1958 1022 2023 Christi
1049 1958 1229 2022 reverentia
1249 1978 1341 2021 servo
1360 1957 1424 2021 Dei
1448 1958 1587 2024 fideliter

386 2058 516 2121 domino
539 2055 692 2119 servienti
723 2055 971 2119 misericorditer
1000 2055 1175 2120 contulerit
1203 2054 1330 2119 Christo
1358 2055 1420 2119 hoc
1444 2057 1588 2121 conferre

385 2155 586 2219 dinoscitur.
602 2175 677 2216 nam
693 2153 762 2235 ipsc
784 2154 818 2215 ia
842 2156 905 2216 line
928 2153 1041 2217 mundi
1063 2154 1106 2217 ad
1128 2153 1246 2218 electos
1268 2173 1341 2216 suos
1363 2152 1499 2237 loquens
1520 2155 1588 2220 dic·

386 2264 480 2317 turns
494 2264 565 2316 est.
581 2260 598 2284 “
608 2253 696 2315 cnm⁴
712 2252 770 2314 uni
785 2272 824 2313 ex
840 2251 984 2313 minimis
1000 2253 1080 2314 meis
1096 2251 1217 2315 fecistis
1231 2250 1310 2313 mihi
1327 2251 1486 2316 iecistis”.

326 2367 333 2381 ·
433 2352 556 2415 idcirco
571 2371 629 2430 ego
644 2350 878 2412 &renerurrrs‘
898 2370 952 2412 rex
969 2351 1052 2413 cnrt'
1067 2400 1075 2413 .
1092 2350 1175 2413 hanc
1190 2349 1380 2413 dominicam
1396 2351 1590 2415 sententiam

388 2450 571 2515 memoriter
600 2450 745 2512 retinens
774 2458 807 2511 et
836 2448 900 2531 piis
930 2450 1081 2531 operibus
1111 2449 1182 2512 Deo
1211 2448 1385 2530 instigante
1415 2448 1591 2534 adimplere

388 2549 507 2612 curabo
529 2548 588 2610 tibi
617 2548 751 2609 Dtorrax
778 2546 949 2609 llrolensis
974 2546 1118 2609 ecclesiae
1143 2546 1280 2609 antistiti
1304 2546 1445 2629 aliquam
1467 2556 1592 2630 purtem

388 2658 482 2711 torae
508 2646 592 2728 juris
621 2645 684 2707 mei
712 2643 852 2708 libenter
875 2645 1014 2708 concedo
1041 2644 1074 2707 id
1104 2653 1154 2708 est
1182 2644 1348 2707 dimidiam
1374 2645 1471 2708 unius
1495 2646 1594 2711 aratri

390 2753 516 2828 mrtem
536 2743 592 2805 uhi
615 2742 801 2805 nominatur
825 2740 1031 2805 Brronarmto
1061 2742 1159 2805 sinnd
1185 2750 1219 2805 ct
1247 2742 1412 2805 mariscem
1439 2743 1594 2808 vocabulo

392 2848 503 2907 Scaea
518 2849 551 2905 et
565 2848 603 2903 ut
618 2861 676 2922 per
697 2861 792 2904 ornuc
808 2839 849 2902 ah
868 2839 931 2903 hac
950 2840 1002 2904 dic
1022 2850 1056 2903 et
1076 2839 1228 2923 deinceps
1249 2838 1445 2923 subsequens
1465 2848 1595 2925 tempus

295 2994 299 3001 .
392 2962 467 3005 cum
482 2939 659 3003 notissimis
674 2938 822 3002 terminis
836 2939 1052 3021 onnrilnrsquc
1067 2938 1264 3001 utilitatibus
1279 2936 1320 3000 ad
1334 2958 1405 3001 eam
1420 2939 1481 3003 rite
1495 2940 1595 3023 perti·

393 3038 546 3102 uentibus
561 3045 618 3100 tuo
633 3037 763 3119 proprio
781 3037 849 3119 juri
869 3036 1077 3100 aeternaliter
1091 3035 1271 3099 habendam
1291 3035 1514 3119 possidendam
1529 3046 1595 3101 tra·

392 3137 594 3219 dendamqne
620 3135 813 3217 cuicumque
838 3135 1009 3197 hominurn
1035 3134 1176 3197 volueris
1201 3132 1296 3196 hilari
1325 3133 1463 3197 concedo
1487 3135 1596 3201 auimo

391 3234 490 3316 hujus
515 3244 624 3297 autem
651 3233 779 3295 marisci
805 3233 965 3296 terminus
995 3240 1046 3295 est
1073 3252 1158 3315 aqna
1187 3250 1268 3314 pene
1294 3230 1436 3314 undique
1461 3232 1597 3297 circum·

393 3333 544 3416 perfusa.

438 3431 472 3493 Si
487 3429 560 3511 quis
574 3448 648 3512 ergo
661 3426 816 3492 heredum
832 3447 1117 3509 successorumque
1132 3446 1274 3489 meorum
1290 3434 1401 3489 contra
1415 3426 1499 3491 hanc
1509 3426 1598 3510 piam

393 3527 599 3590 (lunationem
623 3545 729 3588 meam
756 3525 866 3587 renire
890 3526 989 3587 fucrit
1014 3544 1113 3587 ausus
1143 3532 1176 3586 et
1204 3534 1357 3588 temerare
1386 3544 1457 3587 eam
1487 3524 1598 3589 innuo

394 3623 610 3707 rnaliroloque
631 3622 833 3686 cantaverint
854 3624 963 3685 animo
985 3621 1069 3684 “sit⁷
1090 3621 1262 3685 anathema
1283 3622 1507 3687 maranatha”.
1528 3642 1597 3687 ma·

396 3732 493 3786 nentc
507 3722 569 3784 hac
590 3720 739 3783 chartula
759 3720 792 3783 in
816 3740 874 3781 sua
897 3718 1111 3782 nihilomiuus
1133 3718 1309 3782 stabilitate
1331 3739 1428 3801 quam
1451 3719 1597 3785 roborare

395 3821 522 3904 propria
544 3840 642 3881 uranu
665 3818 776 3881 curari
802 3825 834 3881 et
858 3817 939 3881 alios
963 3817 1093 3879 idoneos
1115 3816 1340 3899 religiososque
1361 3826 1461 3881 testes
1481 3815 1538 3879 *ut'
1562 3817 1597 3881 id

396 3920 503 4001 ipsum
518 3926 649 4000 agerent
663 3915 797 3978 adhibui
813 3934 950 3997 quornm
966 3914 1098 3976 nomina
1113 3907 1197 3975 inira
1212 3922 1360 3976 caraxata
1369 3913 1597 3980 continentur.

440 4020 561 4079 Actum
582 4036 668 4079 auno
698 4014 866 4077 druniuice
890 4012 1120 4076 incarnationis
1142 4061 1150 4074 .
1173 4026 1384 4075 bcctxxt'lu.
1407 4013 1598 4077 incivitate

396 4114 599 4177 Dororemi.

531 4255 570 4332 ›1‹
593 4250 661 4333 Ego
676 4249 890 4332 Egcberhtns⁵
905 4270 960 4313 rex
977 4248 1154 4312 caut'hauc
1168 4246 1372 4311 donationem
1387 4269 1492 4313 meam
1507 4250 1599 4335 signo

657 4349 763 4411 crucis
779 4348 901 4412 Christi
917 4347 1087 4411 roborari.

448 4530 458 4563 ¹
477 4530 509 4581 Β.
525 4530 571 4589 Κ.;
587 4530 635 4595 pi,
646 4530 681 4581 Α.
780 4530 792 4564 ¹
808 4531 941 4594 Principis,
952 4531 1045 4591 added,
1057 4528 1091 4579 Β.
1105 4528 1141 4579 Κ.

447 4610 538 4661 'uuis
557 4614 616 4662 title
634 4613 696 4677 oul5
714 4613 741 4662 in
763 4611 796 4662 Β.
817 4610 853 4663 0.
1001 4612 1104 4661 ‘unta
1123 4626 1183 4673 xxv,
1201 4612 1241 4672 ⁴0,
1261 4611 1300 4660 lb.
1429 4609 1544 4675 'Faegk
1565 4609 1602 4663 Κ.

397 4690 680 4756 ‘Tampt‚8.0.l(.
779 4691 1007 4747 ²1&vast
