3816 5258
252 346 317 394 an.
334 326 533 413 816x824]
563 344 779 395 raomsros
800 344 843 394 or
864 326 985 395 aranei
1005 312 1170 399 norman
1241 360 1247 369 ·
1386 340 1453 407 tra
1552 424 1557 433 ,

254 498 432 585 Sexaginta
444 498 566 584 pedum
578 500 616 563 in
628 499 834 585 longitudine
847 550 856 566 .
866 509 902 567 et
914 498 1011 566 ml·
1020 552 1029 567 .
1037 502 1074 567 in
1085 450 1280 573 latitudinei
1321 508 1454 577 Pam

251 608 345 665 extra
370 600 537 663 civitatem
561 647 572 664 .
594 600 638 663 ab
659 600 814 684 aquilone
838 601 981 664 ciritatis
1002 600 1148 687 Triginta
1169 604 1281 689 jugera
1303 654 1313 671 .
1334 606 1454 693 viginti

251 699 399 782 quinque
414 698 449 761 in
462 697 554 762 arido
565 718 682 783 campo
695 748 704 762 .
718 708 754 764 et
767 699 912 783 quinque
926 718 1019 783 agros
1032 699 1141 783 prati.
1215 795 1218 801 Ι

688 860 1022 913 nummariam
1105 910 1108 915 ,

299 1385 373 1449 375.
395 1382 625 1467 mamaea
640 1383 804 1465 masaa,
818 1381 936 1464 serap
949 1383 989 1466 os
1002 1382 1161 1459 arama,
1174 1386 1411 1473 orniam„
1465 1404 1468 1409 -

639 1480 770 1563 trisne.
814 1496 877 1543 aa.
893 1481 1077 1547 suasca
1176 1494 1180 1501 ·
1518 1486 1521 1491 ·

422 1613 605 1679 Pnorrssro
627 1612 811 1677 errnnnr
833 1612 1099 1676 Hennam-su
1120 1627 1289 1680 rrrsoorr.

299 1742 383 1806 Cum
404 1740 492 1805 enim
516 1741 721 1824 omnipotens
746 1748 780 1805 et
800 1740 977 1804 misericors
1001 1740 1091 1804 Deus
1114 1760 1173 1823 pro
1194 1740 1264 1805 sua¹
1278 1740 1398 1826 pietate
1416 1750 1453 1811 ot
1545 1822 1548 1829 Ι

141 1856 145 1863 ·
256 1839 500 1903 misericordia.
523 1848 557 1903 et
576 1859 637 1921 pro
657 1839 801 1901 maxima
823 1838 1012 1901 necessitate
1033 1836 1167 1901 humaui
1188 1838 1312 1921 generis
1332 1840 1455 1907 mundo

256 1959 314 2023 per
329 1939 457 2001 carnem
472 1936 609 2000 risibilis
623 1957 777 2019 apparere
792 1934 943 2019 diguatus
964 1942 1014 1999 est
1035 1942 1133 2018 atquc
1155 1944 1299 2000 sanctam
1318 1936 1455 2003 oatholi.
1493 1960 1496 1965 ·
1530 1960 1533 1965 ·

256 2058 328 2102 earu
350 2034 525 2099 aeclesiam
541 2054 632 2098 sacro
653 2054 713 2097 suo
735 2034 894 2116 sunguine
915 2033 1092 2116 adquisirit
1113 2082 1122 2097 .
1145 2053 1282 2117 eamque
1301 2054 1360 2119 per
1378 2057 1456 2103 anos

256 2135 481 2219 predicatores
495 2131 678 2215 electosque
693 2132 840 2196 doctores
855 2132 1065 2196 orthodoxam
1081 2132 1117 2195 in
1131 2152 1206 2195 eum
1227 2131 1337 2197 docuit
1357 2134 1455 2205 iidem

255 2232 394 2296 habere!
417 2240 527 2313 poster
541 2251 611 2293 mos
625 2230 761 2294 inolerit
777 2238 813 2293 ut
829 2230 1105 2314 quotienscunque
1124 2229 1262 2313 alicujus
1282 2231 1456 2314 provinciae

257 2331 443 2413 episcopum
465 2328 506 2391 de
526 2328 589 2392 hoc
610 2328 719 2392 seculo
732 2328 783 2391 'ad
807 2329 870 2391 Ilei
896 2329 1056 2410 judicium
1077 2328 1244 2412 pervenire
1264 2330 1457 2415 contigerit.

258 2436 357 2509 atque
372 2425 473 2489 aliurn
487 2445 545 2507 pro
559 2446 598 2489 eo
612 2446 709 2509 quem
725 2426 837 2488 divina
851 2426 1053 2509 providentia
1075 2425 1282 2509 praedestinat
1302 2427 1345 2491 ad
1364 2428 1457 2495 illam

259 2525 368 2589 sedern
384 2524 549 2589 ordinare!
571 2525 606 2587 in
623 2525 739 2607 primis
754 2546 883 2589 necesse
898 2533 947 2588 cst
962 2534 1000 2588 ut
1014 2523 1162 2588 libellum
1177 2524 1377 2591 ohoedientite
1389 2546 1458 2593 tum

258 2624 383 2688 sincera
403 2632 512 2687 mente
530 2628 565 2687 et
586 2644 697 2687 secura
716 2624 852 2688 oderat.
869 2623 997 2687 Scilicet
1017 2631 1056 2687 ut
1077 2628 1168 2686 tanto
1189 2622 1370 2708 promptius
1389 2622 1458 2689 ela·

258 2722 409 2803 criusquc
428 2720 581 2802 subjectis
595 2720 854 2784 benedictionem
880 2721 1008 2784 fauente
1031 2721 1147 2804 spiritu
1172 2728 1284 2785 sancto
1305 2720 1458 2805 ptaelatna

259 2819 449 2902 impendat!
482 2827 604 2901 quanto
634 2819 776 2882 securior
801 2818 980 2900 certiorque
1005 2818 1150 2881 redditus
1175 2818 1274 2882 inerit
1300 2816 1342 2883 de
1369 2826 1459 2887 roca

260 2915 451 2981 credulitate
465 2925 499 2979 et
513 2916 661 2999 religiosa
680 2917 750 2980 rita
763 2965 772 2980 .
787 2924 824 2978 ut
846 2936 883 2979 eo
903 2916 1029 2979 cautius
1048 2915 1298 2999 diligentiusque
1320 2916 1469 3003 dignita·
1539 2986 1542 2993 ,

259 3023 325 3078 tem
341 3015 502 3096 propriam
510 3014 580 3095 jam
594 3014 762 3077 ordinatus
776 3013 904 3077 studeat
915 3064 922 3076 .
932 3034 997 3097 quo
1008 3034 1042 3078 se
1056 3013 1244 3096 priusquam
1257 3013 1459 3083 ordinaretur

260 3134 298 3176 ea
324 3134 396 3195 quaa
421 3113 567 3196 aequitati
593 3122 777 3196 congruunt
797 3113 931 3176 firmiter
954 3132 1177 3196 recognoscere
1201 3120 1235 3177 et
1257 3132 1386 3179 noscero
1406 3133 1459 3179 te·

259 3212 392 3294 peritur.

304 3308 507 3393 Quapropter
528 3330 587 3393 ego
601 3309 815 3373 chrnunrs
837 3308 877 3373 ad
901 3306 1135 3391 suscipiendam
1155 3328 1193 3371 ac
1210 3306 1458 3391 dispensandam

262 3408 521 3472 ΙΙῑιΔιιιιΕιέιε2
535 3409 704 3473 ecclesiam
726 3408 849 3473 electus
871 3416 968 3490 atque
989 3406 1184 3470 constitutus
1205 3456 1214 3471 .
1234 3406 1386 3489 profiteor
1403 3426 1458 3471 mo

259 3526 366 3571 coram
381 3518 492 3572 sancta
506 3518 539 3572 ct
555 3508 688 3572 colenda
703 3518 801 3591 atque
817 3505 977 3569 adoranda
999 3504 1143 3567 trinitate
1165 3503 1254 3566 illam
1271 3502 1365 3567 fidem
1385 3503 1458 3569 alno

259 3605 497 3671 intermissione
527 3617 637 3671 terrere
665 3657 673 3672 .
698 3607 872 3690 put-dicare
894 3654 901 3667 .
927 3602 1096 3667 defendere
1119 3651 1127 3665 .
1154 3622 1251 3684 quam
1277 3600 1459 3683 protrahitur

261 3712 367 3785 patres
382 3704 553 3768 salubriter
567 3706 609 3767 ah
624 3705 784 3768 uniuersis
800 3701 990 3766 Christianis
1012 3698 1183 3763 terrendam
1197 3748 1205 3761 .
1220 3696 1457 3764 confitendam.
1541 3754 1546 3763 .

261 3802 563 3885 defendendamque
578 3804 738 3864 divinitus
754 3801 858 3865 edocti
873 3804 1070 3861 sanxerunt.
1111 3794 1174 3859 Sed
1188 3801 1222 3859 ct
1235 3794 1297 3857 tibi
1311 3814 1458 3859 reteren-

261 3900 384 3963 tissime
408 3911 441 3963 et
467 3901 689 3963 eruentissime
713 3900 895 3962 terr-urna
918 3894 1152 3978 archiepiscope
1177 3893 1305 3975 tuisque
1333 3912 1458 3957 meoet-
1545 3980 1549 3987 .

262 3996 388 4059 sorihus
409 3997 450 4059 ad
479 3996 570 4060 illam
592 3997 793 4079 primitivam
818 4006 850 4060 et
874 3994 1092 4057 honorabilem
1118 3991 1227 4053 sedem
1252 3990 1458 4057 Dombemia

261 4093 403 4157 ciuitatis
429 4144 437 4159 .
462 4116 537 4157 cum
561 4096 649 4158 omui
677 4095 861 4158 humilitate
885 4103 918 4157 et
941 4090 1133 4153 ohedientia
1158 4088 1271 4151 ditina
1298 4086 1395 4151 simul
1423 4095 1459 4153 ot

261 4189 402 4255 huruuua
418 4204 539 4276 quanto
555 4204 698 4277 tempore
714 4193 814 4256 michi
828 4192 965 4255 voluerit
983 4192 1071 4253 Deus
1087 4189 1187 4249 vitam
1202 4184 1458 4250 commodam’in

261 4286 324 4351 isto
340 4290 447 4352 seculo
464 4340 472 4353 .
490 4292 567 4354 totis
577 4293 701 4353 viribus
716 4293 798 4354 meis
813 4290 970 4353 deservire
986 4295 1019 4351 et
1034 4285 1172 4349 oluedire
1188 4290 1318 4367 satago.

394 4434 461 4518 Ego
478 4435 666 4500 lluuierdus
682 4435 806 4499 electus
829 4433 913 4497 hanc
934 4432 1084 4515 paginam
1106 4428 1167 4493 tibi
1183 4426 1340 4492 L'ullrede
1356 4424 1462 4490 archi.
1554 4442 1557 4447 ·

327 4613 337 4647 ¹
354 4618 415 4679 Suo,
426 4617 462 4669 Τ.
570 4620 583 4653 ¹
599 4619 796 4679 flelmaniencir,
807 4616 855 4677 Τ.;
872 4614 1070 4673 Helmoanenria,
1083 4610 1118 4662 Η.
1222 4608 1235 4642 ⁸
1250 4611 1348 4671 (ἔωσι,
1359 4606 1396 4661 T.

306 4711 380 4761 ΥΟΕ.
394 4714 416 4763 l.
1275 4706 1333 4758 111·
