3816 5258
250 310 312 407 uu
329 340 419 425 798.]
623 355 757 407 ursum
777 354 820 402 ro
841 353 923 403 roae
943 354 1006 404 mo
1025 354 1073 407 m
1108 356 1112 362 ·
1393 338 1460 409 897
1481 297 1503 327 ⁵
1614 354 1617 361 ·

250 511 451 596 amplector.
496 510 696 598 Decetenim
706 514 792 578 inter
806 517 913 575 tantas
928 531 1082 595 personas
1097 510 1177 577 fides
1191 516 1305 576 sancto
1318 508 1461 576 wari.

251 618 286 677 et
300 608 457 674 inviolata
469 611 586 674 caritas
596 612 771 677 custodiri!
792 609 870 695 quia
880 616 1014 693 paterna
1025 610 1130 695 pietus
1143 659 1152 676 .
1165 609 1306 674 tilionum
1320 608 1461 675 felicitas

252 709 287 773 in
302 708 459 772 Decesse
480 706 640 773 credenda
654 714 723 774 est!
747 706 924 773 secuudum
943 707 1028 773 illud
1050 707 1197 774 Ezechiae
1211 756 1220 773 .
1233 706 1367 773 “Putet¹
1380 706 1460 773 filiis

252 814 363 870 notam
377 805 476 869 faciet
485 805 657 873 ueritatem
666 814 758 873 tuam
767 805 923 871 domine’'.
968 806 1010 870 In
1020 807 1140 892 quibus
1150 805 1260 871 verbis
1274 812 1308 871 te
1322 804 1460 871 amando

253 904 381 989 genitor
406 904 563 987 imploro!
586 913 625 969 ut
647 906 714 970 tilio
736 913 794 970 tuo
815 911 883 968 turm
905 903 934 967 si
956 904 1090 991 indigno
1104 957 1112 971 .
1127 904 1300 970 veritatem
1325 903 1459 969 Domini

256 1002 322 1066 tuis
345 1001 454 1065 verbis
476 1004 687 1068 sacrosanctis
708 1011 820 1068 uotam
842 1002 944 1067 iacere
966 1023 1032 1067 non
1053 1004 1191 1088 deneges
1204 1051 1213 1068 .
1228 1007 1268 1067 ut
1287 1022 1348 1089 per
1368 1010 1460 1068 tuum

257 1120 368 1164 sunam
394 1098 605 1165 eruditionem
633 1102 704 1167 Deo
732 1101 906 1183 adjurante
930 1100 970 1166 ud
996 1101 1138 1169 melioris
1160 1102 1238 1167 uta
1258 1101 1473 1187 propositum.

256 1218 381 1263 memor
395 1198 562 1281 peruenire
577 1250 585 1265 .
621 1200 717 1279 ,Quin
733 1199 831 1264 etiam
850 1198 1034 1265 dulcissime
1049 1220 1124 1266 cum
1137 1200 1289 1265 omnibus
1302 1198 1462 1284 episcopis

257 1296 376 1360 nostris
391 1346 398 1361 .
413 1301 448 1360 et
467 1296 688 1381 cujuscunque
708 1296 794 1380 apud
809 1318 867 1361 nos
887 1296 1054 1381 dignitatis
1070 1317 1207 1382 persona
1220 1296 1389 1387 depmoor!
1409 1297 1462 1363 uti

256 1394 350 1458 nobis
365 1394 406 1459 dc
421 1394 623 1461 multimodis
637 1395 902 1481 inquisitionibus
916 1444 924 1459 .
940 1416 1037 1480 super
1046 1396 1165 1481 quibus
1173 1395 1349 1459 maximam
1357 1394 1462 1461 subti-

256 1491 384 1557 litatem
399 1497 541 1556 vestram
557 1492 690 1578 dignum
706 1494 859 1559 ditmarus
881 1494 1062 1577 perquirere
1076 1544 1085 1560 .
1099 1494 1238 1580 benigno
1251 1494 1464 1579 respondeas}

258 1611 299 1655 ne
315 1598 500 1655 sanctorum
516 1593 652 1658 tradicio
663 1604 792 1677 patrum
806 1642 814 1656 .
830 1598 864 1657 et
878 1593 919 1657 ab
934 1591 1000 1656 illis
1010 1591 1131 1657 tradita
1141 1592 1236 1657 uobis
1247 1591 1463 1679 mgtrloquasi

258 1690 423 1774 incognita
444 1709 503 1773 per
525 1689 649 1774 aliquid
672 1691 805 1756 vitietur
826 1691 861 1754 in
883 1690 993 1755 nobis!
1016 1689 1072 1755 sed
1094 1710 1200 1755 sermo
1220 1696 1299 1754 tuus
1319 1688 1464 1757 dimotus

191 1818 195 1827 ·
259 1789 352 1852 nobis
368 1788 403 1850 in
418 1787 553 1851 caritate
568 1797 601 1853 et
616 1788 864 1855 mansuetudine
873 1789 1000 1854 veniat.
1015 1795 1054 1853 ut
1067 1808 1126 1873 per
1135 1788 1201 1854 Dei
1210 1787 1464 1855 misericordium

260 1887 468 1970 profuturum
483 1886 517 1949 iu
530 1887 623 1952 uobis
638 1886 808 1971 percipiat²
820 1888 962 1951 fructum
973 1937 982 1952 .
993 1887 1141 1955 Primum
1155 1905 1298 1970 namquo
1311 1886 1465 1973 estquod

259 1984 431 2068 pontifices
446 1985 547 2049 nostri
563 2006 601 2049 uc
615 1986 802 2070 peritissimi
813 1986 933 2070 quiquo
948 1984 984 2048 in
998 1983 1092 2049 nobis
1102 1984 1218 2049 dicunt
1231 2033 1239 2049 .
1251 1984 1339 2068 quod
1352 1992 1467 2051 eontra

260 2101 400 2147 canones
422 2090 455 2145 et
478 2083 654 2165 apostoliea
676 2090 799 2148 statuto
814 2133 821 2147 .
836 2104 908 2167 quae
928 2081 1022 2147 uobis
1036 2102 1057 2145 a
1070 2089 1163 2166 patre
1176 2081 1365 2147 beatissimo
1385 2082 1467 2151 Gre-

259 2180 347 2264 gorio
363 2180 522 2263 dirigente
546 2186 667 2245 statuta
690 2188 768 2245 sunt
783 2231 790 2244 .
805 2181 890 2245 sicut
903 2198 961 2245 vos
983 2179 1096 2243 scitis.
1111 2179 1288 2244 auctoritas
1307 2180 1468 2247 Dororer·

261 2279 371 2342 nensis
394 2277 636 2362 metropolitani
659 2280 694 2344 iu
716 2279 798 2343 duas
818 2277 984 2342 scindatur
1003 2276 1225 2361 parrochius'.
1240 2279 1334 2362 cujus
1354 2278 1469 2345 eodem

261 2384 352 2459 patre
373 2376 553 2441 urauduutc
575 2377 692 2441 ditioni
717 2377 881 2460 subjacere
903 2375 1024 2441 debent
1044 2375 1189 2460 episcopi
1209 2378 1280 2441 xn!
1301 2374 1389 2443 sicut
1410 2398 1471 2463 per

262 2475 415 2539 ccclesias
444 2484 572 2541 nostras
601 2476 720 2560 legitur
743 2476 778 2539 iu
802 2474 939 2560 epistola
953 2525 960 2538 .
975 2494 1076 2558 quum
1102 2473 1195 2537 fratri
1224 2483 1259 2540 et
1281 2476 1470 2563 coepiscopo

266 2574 450 2657 Augustino
477 2574 617 2640 direxit.
634 2575 673 2640 ele
704 2575 831 2639 duobus
856 2573 1031 2639 Ioudouiae
1054 2579 1089 2638 et
1109 2573 1262 2637 Eboraeae
1283 2574 1471 2659 metropolis

266 2673 426 2756 episeopis
441 2724 449 2737 .
465 2694 564 2757 quam
579 2674 677 2738 ctiam
693 2674 780 2758 apud
789 2694 847 2738 vos
861 2672 971 2738 haberi
986 2693 1053 2736 non
1064 2670 1253 2737 dubitamus
1268 2718 1278 2736 .
1321 2670 1387 2739 Sed
1400 2672 1471 2758 ipae

266 2770 407 2854 primunr
424 2772 618 2854 pontificalis
633 2792 715 2856 upex
731 2824 738 2837 .
753 2771 811 2855 qui
825 2770 1092 2836 tunclaoudoniae
1114 2770 1176 2835 sub
1189 2769 1311 2835 honore
1323 2777 1473 2837 etome·
1556 2786 1560 2791 '

267 2856 377 2934 mento
399 2869 491 2953 pallii
508 2872 615 2935 fuerat
637 2870 838 2954 conscriptus
853 2920 860 2935 .
875 2889 934 2954 pro
948 2889 987 2934 eo
1000 2868 1254 2934 Dorouemcusi⁴
1272 2867 1401 2934 oblutus
1420 2876 1474 2935 est

266 2973 365 3050 atque
381 2987 552 3031 concessus
567 3018 574 3031 .
619 2969 705 3032 Nam
721 2969 797 3052 quia
811 2966 1157 3041 beaterecordutiouis
1171 2964 1474 3053 angustiansque

268 3065 404 3128 verbum
428 3066 490 3129 llei
514 3066 693 3149 imperante
716 3065 870 3150 Gregorio
884 3065 1069 3150 Anglorum·
1085 3064 1175 3149 genti
1196 3062 1425 3129 ministrabat.
1438 3070 1475 3133 et
1577 3090 1580 3095 ·

267 3163 495 3246 gloriosissime
525 3164 669 3229 ecclesiis
693 3166 823 3248 praefuit
848 3163 994 3227 saxonice
1009 3212 1017 3227 .
1033 3163 1068 3226 in
1097 3160 1209 3227 eadem
1233 3162 1365 3227 ciuitate
1385 3162 1474 3227 din

269 3261 350 3325 obiit
367 3312 374 3324 .
390 3269 422 3325 et
439 3282 555 3346 eorpus
570 3262 659 3326 illius
675 3263 708 3325 in
721 3262 854 3326 basilica
867 3261 954 3325 beati
965 3261 1053 3325 Petri
1069 3259 1286 3344 apostolorum
1301 3260 1475 3346 principis.

269 3379 368 3442 epirum
384 3380 548 3424 successor
564 3362 633 3444 ejus
657 3361 850 3425 Laurentius
868 3360 1008 3423 sacravit
1029 3358 1197 3423 eonditum
1211 3359 1344 3423 fuisset!
1365 3358 1474 3425 uisum

270 3464 319 3520 est
343 3458 472 3522 crunctis
497 3459 603 3541 gentis
627 3468 746 3522 nostrae
771 3458 971 3542 sapientibus
997 3456 1167 3541 quatinus⁸
1191 3456 1227 3519 iu
1255 3455 1314 3521 illa
1341 3456 1475 3525 civitae

269 3557 540 3639 metropolitauus
569 3557 671 3620 honor
701 3557 872 3621 haberetur
900 3556 956 3619 ubi
987 3552 1131 3640 corporei
1159 3560 1306 3637 pausat.
1328 3554 1387 3639 qui
1421 3554 1476 3622 his

271 3657 417 3737 partibus
440 3656 517 3721 fidei
543 3658 713 3721 veritatem
736 3656 892 3721 inseruit.
938 3654 1040 3738 Cujus
1069 3654 1180 3737 itaque
1200 3652 1287 3716 sicut
1306 3672 1365 3718 vos
1383 3654 1476 3721 scitis

270 3754 441 3837 dignitatis
465 3755 618 3819 honorem
642 3754 805 3838 primum
832 3774 888 3818 rex
910 3752 983 3817 oua
998 3800 1006 3816 .
1021 3758 1151 3834 propter
1172 3748 1376 3815 inimicitiam
1398 3772 1476 3819 oum

271 3854 447 3917 venerabili
466 3853 638 3918 Luuberto⁷
653 3861 686 3916 et
708 3859 803 3935 gente
822 3850 1068 3915 cantuariorum
1086 3856 1252 3932 acceptam
1272 3854 1418 3915 avertero
1441 3856 1477 3917 et

271 3950 305 4012 in
328 3951 410 4015 duas
432 3951 629 4035 parrochias³
650 3950 805 4033 dissipare
827 3950 917 4013 nisus
939 3998 946 4013 .
969 3955 1004 4012 et
1026 3947 1190 4031 piissimus
1212 3946 1421 4031 coepiscopus
1441 3956 1478 4015 ot

273 4053 458 4112 antecessor
470 4058 576 4114 vester
586 4049 751 4112 Adrianus
763 4055 875 4131 rogatu
889 4045 1033 4130 paedicti
1049 4045 1132 4128 regis
1147 4044 1251 4109 iacere
1266 4045 1353 4129 cepit
1366 4093 1376 4111 .
1389 4045 1478 4131 qnod

272 4146 363 4227 prius
386 4167 483 4210 neruo
506 4147 784 4229 p1·u·sunrpsit.et
806 4146 998 4209 Mercioruur
1024 4141 1194 4227 praesulem
1213 4142 1314 4225 pallio
1335 4142 1477 4210 extulit.

274 4243 436 4307 Neutnun
448 4256 556 4310 tamen
572 4267 610 4310 cx
627 4246 678 4309 his
690 4245 874 4329 culpamus}
897 4241 1136 4328 quosObristus
1146 4248 1184 4303 ut
1194 4239 1355 4305 credimus
1366 4248 1479 4307 eterno

325 4448 333 4479 ¹
352 4449 409 4498 lsai.
421 4452 528 4508 xxxviii,
543 4452 581 4500 lo.
773 4449 784 4479 ²
801 4450 927 4509 Perfieiat,
939 4450 981 4499 W.
995 4448 1030 4499 Η.
1210 4447 1222 4478 ⁸
1239 4450 1323 4511 Puro„
1334 4448 1376 4500 W.
1390 4448 1427 4501 Η.
1439 4448 1476 4505 0.

272 4529 492 4591 wana-msc.
506 4532 568 4593 its„
699 4531 867 4591 'Quatenus
877 4529 918 4579 W.
933 4528 968 4580 Η.
1099 4530 1233 4593 ‘Corpus
1243 4544 1401 4595 mcorpus
1411 4531 1477 4597 ejus,

272 4608 327 4671 W.;
343 4626 443 4675 corpus,
455 4609 495 4663 0.
626 4609 636 4642 ³
655 4611 831 4675 hmbriglato,
842 4608 890 4673 0·;
906 4610 1040 4671 suanno,
1054 4607 1089 4661 Η.
