3816 5258
370 399 435 448 an.
450 382 540 469 774]
738 398 920 448 ornum
940 399 984 450 ro
1005 399 1205 477 mammon.
1513 389 1579 454 31³

414 526 514 620 Nune
542 575 617 638 ergo
645 577 704 640 ego
733 558 916 621 Aunnmns
951 555 1082 620 domino
1118 555 1328 641 dispensante
1358 559 1582 625 Hnrecrormr
1697 606 1701 615 .

305 650 307 656 '
372 653 502 737 regulus
517 660 636 716 terram
655 654 884 737 praescribtam¹
907 660 941 718 et
960 674 1060 718 manu
1080 655 1215 719 testium
1235 656 1459 741 subsignatum
1480 678 1581 742 quam

372 751 455 814 mihi
470 750 561 814 Orsa
575 772 631 814 rex
647 773 705 834 pro
720 751 859 817 remedio
873 752 989 816 anirnae
1009 772 1076 816 suae
1092 752 1166 834 jure
1181 753 1399 819 eeclesiastico
1415 754 1582 839 possiden·

372 848 449 912 dam
477 848 613 912 tradidit
641 849 776 914 libente'
804 871 861 933 pro
891 849 1020 913 domine
1049 850 1266 933 omnipotenti
1291 859 1327 915 et
1351 872 1410 936 pro
1437 853 1582 919 remedie

373 946 488 1010 anime
504 968 583 1011 ruee
605 946 646 1010 ed
668 946 835 1012 ecclesiam
857 949 959 1012 beate
981 947 1095 1011 Mariae
1116 949 1290 1031 genetricis
1312 950 1377 1015 Dei
1399 959 1435 1016 et
1457 950 1582 1016 domini

327 1126 332 1134 .
373 1045 476 1109 nostri
490 1046 595 1109 dhesu
610 1044 731 1109 Christi
745 1095 752 1109 .
768 1066 840 1129 quae
854 1046 917 1110 sita
935 1056 985 1111 est
1002 1046 1036 1109 in
1060 1045 1259 1129 Ptoeomtu⁸
1277 1048 1410 1113 civitate
1431 1049 1582 1133 [largitus

373 1143 474 1226 srun]⁴
496 1193 504 1207 .
526 1150 560 1207 et
584 1144 646 1207 hoe
671 1164 746 1208 eum
770 1144 1003 1228 subscriptione
1026 1144 1211 1228 principum
1235 1166 1380 1211 meormn
1404 1148 1582 1212 muniendo
1689 1186 1692 1190 -

376 1245 489 1308 munio
503 1294 512 1308 .

507 1384 548 1461 ›1‹
572 1382 640 1465 Ego
670 1380 831 1446 Aldredus
860 1381 989 1465 regulus
1025 1382 1239 1446 Huiecierum
1275 1385 1438 1469 propriam
1475 1405 1582 1450 meam

589 1485 590 1488 ’
637 1479 842 1543 donationem
858 1480 949 1562 signo
965 1478 1067 1543 crucis
1082 1481 1219 1546 notavi.

508 1579 549 1657 ᾖ
574 1577 708 1660 Signum
724 1597 838 1640 manus
854 1575 1051 1659 cyneberhti
1065 1578 1236 1660 preefeeti.

510 1677 550 1756 υἷε
574 1676 708 1757 Signum
725 1695 838 1738 manus
855 1673 996 1738 Cudredi
1011 1674 1177 1758 praefecti.

508 1775 549 1853 ›1‹
574 1774 709 1856 Signum
724 1793 839 1835 manus
855 1770 977 1836 Urmles
992 1773 1137 1855 praesecti
1153 1822 1162 1837 .

421 1907 585 1990 Scriptum
607 1915 657 1971 est
679 1908 740 1970 boe
761 1927 846 1969 anuo
867 1906 909 1968 ab
931 1906 1152 1970 incarnatione
1174 1907 1296 1972 Christi
1319 1957 1327 1972 .
1350 1925 1588 1977 ncctxxvrw.

378 2004 562 2069 Indictioue
577 2055 585 2070 .
600 2021 645 2068 xv
661 2056 669 2069 .
684 2026 769 2068 atino
784 2003 883 2068 decen
899 2055 907 2068 .
922 2019 1007 2067 xum
1021 2053 1028 2067 .
1044 2005 1111 2068 hm
1127 2055 1137 2070 .
1151 2021 1223 2070 xv.

421 2104 584 2166 Erulorsed
595 2112 669 2166 .·-“
678 2104 725 2166 Το
739 2102 979 2187 secgesbeurepe
993 2151 1001 2166 .
1018 2101 1092 2166 offa
1105 2104 1224 2189 em?

379 2271 692 2321 [arusuuuoaaee
1007 2272 1460 2325 rsrxmueoouoounmxa

379 2335 431 2385 [a]
441 2333 804 2386 summoueantur.
812 2335 860 2379 rn.
981 2275 990 2400 Ι
1479 2333 1498 2356 ·

381 2773 454 2836 224.
479 2771 582 2834 Gratti
605 2771 643 2853 by
657 2770 748 2852 Kinp
765 2768 933 2852 Oyiwrurds
950 2777 980 2831 to
1002 2768 1192 2844 AEtlrelmod‚
1215 2769 1333 2852 Bisleop
1354 2771 1393 2852 os
1411 2770 1592 2852 &certem

513 2874 551 2956 (μ’
561 2873 641 2935 dirui
654 2879 688 2934 ot
705 2872 787 2947 Lien,
801 2892 837 2933 or
851 2871 956 2954 lpum,
970 2892 1009 2933 oo.
1024 2871 1211 2954 Dor·eot,sor
1224 2892 1247 2933 a
1260 2873 1412 2955 serii-port
1445 2887 1509 2936 un.
1526 2873 1590 2938 774

516 2973 543 3053 (i
555 2972 605 3034 ior
620 2971 708 3051 778).
1213 3014 1218 3021 -

427 3120 525 3185 carta
540 3134 552 3182 1
567 3168 575 3182 .
589 3116 675 3180 hida
690 3116 777 3201 apud
792 3116 888 3180 Lim.

427 3216 589 3300 Regnanti
614 3217 649 3279 in
674 3223 865 3298 perpetuum
896 3213 1027 3278 domino
1057 3222 1166 3278 nostro
1194 3213 1301 3279 Jlresu
1326 3214 1456 3279 Christo
1476 3223 1511 3279 et
1532 3214 1595 3280 hoe

383 3316 529 3380 seculum
551 3315 642 3397 justo
668 3313 885 3377 moderamine
910 3312 1143 3395 dispensanti.
1168 3320 1287 3376 cuncta
1311 3319 1422 3376 tamen
1447 3312 1594 3395 fugitivae

383 3426 530 3498 tempora
545 3414 622 3476 vitae
642 3422 676 3476 et
698 3432 809 3474 omnes
824 3412 1051 3494 prosperitates
1072 3411 1175 3475 secidi
1198 3410 1297 3492 hujus
1320 3410 1463 3475 otiosis
1485 3411 1592 3475 causis
1707 3479 1716 3494 ,

384 3512 512 3576 misceri
527 3510 690 3574 cernimus
705 3508 991 3592 ‚velocissimoque
1006 3529 1100 3572 eursu
1117 3509 1187 3572 haec
1202 3507 1420 3592 relinquentia
1434 3507 1595 3574 adfutura

385 3609 565 3672 festinant.

431 3706 633 3787 Quapropter
653 3724 711 3786 ego
727 3706 958 3766 Ct'xru't'trt's
978 3723 1034 3765 rex
1051 3702 1245 3766 venerabilis
1267 3702 1409 3785 episcopi
1425 3702 1489 3766 mei
1504 3723 1597 3767 exor-

386 3803 565 3867 tationibus
594 3801 808 3863 AEmtmuom
838 3800 1017 3864 instructus
1053 3799 1285 3864 saluberrimus
1315 3849 1324 3876 ,
1353 3800 1598 3865 Seireburneusi

385 3901 531 3965 ecclesian
561 3900 658 3961 unius
688 3897 864 3961 mensionis
899 3906 1017 3960 terrum
1047 3897 1088 3959 ad
1117 3897 1329 3961 'elemosinam
1358 3897 1508 3960 diurnam
1538 3917 1598 3981 pro

386 3998 571 4080 expiatione
597 3996 819 4079 peccaminum
845 4014 990 4057 meorum
1020 3994 1201 4057 condonare
1227 3994 1380 4077 dignatus
1405 4014 1477 4057 sum
1500 3994 1598 4076 juxta

386 4095 620 4160 occidentalem
638 4095 742 4177 ripam
766 4092 908 4155 fluminis
930 4092 1018 4155 illius
1040 4091 1127 4175 quod
1142 4090 1240 4171 vulgo
1263 4092 1329 4154 Lm
1352 4099 1503 4154 vocatum
1523 4096 1597 4156 est.

389 4194 480 4256 Harrt
510 4193 622 4276 procul
651 4214 671 4255 a
700 4191 770 4254 loeo
800 4190 856 4253 ubi
887 4199 1011 4253 meatus
1041 4189 1092 4254 sui
1122 4210 1255 4253 cursum
1281 4190 1316 4253 in
1345 4210 1433 4254 mure
1458 4189 1599 4272 mergit,

387 4293 543 4373 qrrutiuus
557 4290 625 4353 illic
641 4289 782 4371 prefatae
801 4287 942 4351 ecelesia·
963 4288 1010 4352 sal
1033 4296 1249 4370 conqueretur
1268 4285 1310 4350 ad
1329 4288 1598 4351 sustentationem

387 4388 594 4451 multiforma·
611 4386 831 4469 necessitatis,
845 4386 915 4449 sire
930 4387 964 4449 iu
979 4385 1223 4450 condimentum
1240 4386 1385 4450 ciborum
1395 4436 1404 4461 ,
1415 4385 1485 4450 sive
1499 4385 1598 4449 etiam

436 4555 446 4588 ¹
464 4557 644 4620 Proscriptum,
658 4552 691 4603 Β.
798 4554 809 4585 ¹
827 4555 958 4614 Libenter,
974 4553 1009 4605 Κ.
1118 4551 1131 4585 ⁸
1149 4554 1297 4619 Uuegerm‚
1310 4553 1343 4606 Β.
1450 4554 1462 4587 ⁴
1478 4554 1600 4619 britto·

387 4654 456 4700 oum,
469 4636 515 4699 8.;
531 4638 624 4699 dated,
637 4635 686 4699 Κ.;
701 4637 820 4698 omitted,
830 4634 865 4686 Α.
