3816 5258
338 343 404 409 462
746 359 958 411 ncuarsaor
978 358 1140 409 ommno.
1377 341 1454 429 [aa
1470 345 1545 409 trs.

338 516 453 600 agellis
467 515 656 582 donaverit.
671 537 730 604 pro
743 516 834 583 illius
849 516 945 601 agelli
960 507 1190 601 conparatione
1203 536 1247 579 on
1262 514 1489 599 Magonseturn
1502 523 1547 579 ret

340 613 544 698 Gcarrlcyllo¹
560 622 644 679 terra
659 614 763 681 decim
779 615 985 681 manentium
1004 636 1101 698 quem
1116 615 1135 679 d
1150 614 1364 699 Cynobryllao
1378 613 1547 698 adquirere

340 736 360 797 p
375 736 549 799 conparare
565 717 673 781 curati
688 765 696 781 .
741 716 805 781 Sed
820 716 905 781 illud
915 726 1060 780 aratrum
1075 737 1177 781 anama
1191 736 1232 779 on
1250 716 1412 781 himinum
1427 715 1548 799 dequo

341 813 541 897 prediximus
562 814 596 879 id
617 823 668 880 est
688 816 756 881 licet
782 814 1038 900 Pynnboardiug
1058 813 1137 879 lond
1157 835 1178 898 3
1199 814 1346 899 Babbing
1366 813 1482 898 long]
1504 834 1547 877 aa

342 911 443 975 ioclcd
455 932 498 975 on
512 911 631 995 Uppan
648 912 718 977 aire
733 933 832 996 quam
847 921 967 977 terram
983 912 1015 977 id
1028 919 1227 977 estamtmm
1239 912 1373 977 illudat
1385 912 1548 976 liminum

341 1010 382 1072 ad
398 1010 520 1074 Christi
535 1010 720 1097 ecclesii[e]
737 1012 881 1076 tribuam
895 1032 954 1096 pro
974 1011 1078 1095 agello
1100 1012 1189 1077 illius
1210 1012 1308 1076 aratri
1323 1011 1379 1097 qui
1396 1011 1549 1076 iratribus

343 1109 555 1172 nostrissicut
570 1109 695 1191 predixi
710 1109 829 1173 tradidi
844 1130 888 1174 on
904 1110 1056 1193 Eosterge
1069 1118 1120 1173 .et
1134 1109 1216 1173 illud
1228 1110 1296 1193 jam
1311 1107 1433 1173 dudum
1448 1109 1548 1173 etiarn

343 1207 463 1271 Christi
478 1206 631 1272 ecclcsiae
646 1208 811 1291 proprium
828 1206 1062 1291 luit,1nsuper
1081 1207 1179 1272 etiam
1195 1206 1303 1271 addidi
1318 1228 1360 1271 on
1376 1208 1548 1289 historegs

342 1309 494 1391 quintum
517 1317 659 1371 aratrum
681 1310 836 1374 iratribus
862 1309 982 1373 nostris
1007 1308 1243 1374 concedendam
1263 1309 1350 1393 quod
1374 1330 1395 1372 a
1416 1308 1550 1375 lleacol·

344 1429 461 1474 sensae
501 1409 654 1474 ecclcsiae
685 1410 776 1494 prius
813 1419 1103 1475 transmotaseram
1137 1410 1226 1494 qnod
1256 1410 1441 1495 Dnnpaliag
1469 1409 1549 1476 lond

343 1506 464 1569 dicitur
474 1554 482 1569 .
494 1505 556 1570 hoo
564 1527 623 1590 ego
637 1526 676 1569 ea
689 1507 878 1571 colidicionc
893 1505 1016 1572 addens
1031 1505 1115 1571 daho
1130 1515 1168 1571 ut
1182 1517 1304 1591 quanto
1318 1529 1428 1573 aarum
1442 1508 1551 1573 leumi-

342 1604 418 1670 litas
443 1599 543 1687 atque
568 1604 770 1669 ‹abocdicntia
796 1606 882 1669 cirea
912 1624 972 1669 nos
1001 1604 1148 1669 devotior
1178 1605 1275 1670 licerit
1300 1655 1309 1672 .
1335 1612 1427 1670 tanto
1451 1605 1554 1689 igitar

345 1700 411 1766 illis
425 1722 552 1786 seairper
571 1701 722 1785 largiores
744 1702 778 1766 in
801 1702 930 1767 cunctis
952 1702 1045 1767 bonis
1067 1701 1200 1767 domiuo
1221 1703 1393 1769 nrisemnte
1414 1704 1552 1769 asistere

344 1820 495 1865 curamus
510 1849 517 1863 .
556 1799 625 1863 llas
641 1801 751 1883 itaque
765 1800 904 1865 tornilas
918 1798 992 1863 icloa
1006 1799 1162 1885 collegere
1177 1809 1211 1865 et
1226 1801 1323 1866 simul
1339 1801 1386 1865 ita
1400 1801 1434 1865 iu
1449 1821 1552 1867 naara

345 1899 539 1981 conjuugerc
553 1897 690 1963 eximiae
706 1898 850 1963 diritatis
865 1898 1026 1962 industria
1041 1899 1152 1963 cumri
1167 1948 1174 1961 .
1190 1908 1228 1963 ut
1251 1899 1377 1965 lucilius
1391 1898 1554 1967 elaliorara

346 2017 384 2061 ac
405 1996 562 2061 desudem
584 2017 641 2060 sua
663 1998 790 2081 propria
815 1996 850 2062 in
876 1996 944 2061 illis
968 1997 1150 2081 potuissent
1176 1998 1269 2080 qnasi
1295 1997 1434 2064 adunate
1455 1998 1555 2063 unias

347 2094 479 2159 tenniui
504 2094 588 2158 iutra
611 2106 703 2179 septa
729 2095 872 2161 conclusi
900 2144 908 2159 .
934 2102 1034 2178 etque
1061 2094 1135 2159 illas
1163 2094 1262 2159 etiarn
1291 2114 1382 2161 meae
1407 2094 1555 2181 propriso

347 2193 482 2257 arbitrio
497 2193 530 2256 in
552 2192 683 2256 domino
706 2193 824 2257 nostris
848 2192 1004 2257 iratribus
1026 2202 1181 2277 perpetue
1202 2190 1287 2257 dono
1307 2213 1382 2257 eum
1405 2194 1555 2260 omnibus

348 2290 442 2353 basiis
472 2289 513 2354 ad
538 2312 572 2351 se
598 2290 659 2354 rite
684 2289 911 2373 undecumque
938 2290 1179 2375 pertinentibus
1208 2310 1283 2355 cum
1312 2290 1405 2355 siluis
1428 2290 1557 2375 paenis

349 2388 559 2471 pratibusque
583 2408 602 2470 3
627 2407 701 2451 cum
731 2389 819 2451 oriani
849 2388 971 2452 eximia
1000 2387 1162 2453 libertatis
1190 2388 1310 2453 honoro
1338 2389 1386 2455 eis
1413 2390 1555 2455 tribuam

349 2486 495 2569 exceptis
510 2485 615 2549 tribus
630 2496 757 2548 tantum
772 2484 892 2549 debitis
909 2534 918 2552 .
935 2486 968 2549 id
991 2495 1041 2549 est
1055 2486 1295 2570 expeditionem
1310 2508 1330 2571 3
1346 2486 1427 2551 arcis
1448 2488 1556 2553 mani·

350 2586 472 2649 tionem
488 2603 508 2666 3
524 2585 633 2668 pontis
649 2585 895 2649 instructionem
910 2585 1066 2650 aduersus
1081 2606 1243 2669 paganos.
1259 2593 1297 2649 ut
1311 2592 1419 2651 nostra
1433 2586 1558 2653 familis

349 2683 502 2748 rialclicct
528 2683 642 2747 iratres
663 2684 765 2746 nostri
792 2682 932 2747 feliciter
955 2690 990 2747 et
1011 2682 1243 2767 perptualiter
1264 2684 1353 2749 salua
1371 2686 1445 2768 jura
1466 2684 1556 2751 illis.

345 2782 441 2863 juata
456 2802 534 2845 suae
550 2782 749 2845 necessitatis
764 2782 993 2865 proprietatem
1014 2802 1072 2866 per
1089 2782 1198 2846 omnis
1213 2791 1251 2847 ut
1266 2782 1331 2849 illis
1346 2783 1503 2869 placuerit
1520 2784 1556 2849 in

348 2880 480 2943 ‹lorraino
505 2880 716 2945 trituramur.
739 2878 838 2961 hujus
863 2901 923 2963 ego
948 2880 1219 2945 reconciliationis
1243 2890 1370 2947 nostrae
1396 2882 1557 2947 vicissitu-

349 2978 458 3041 dinem
469 2976 619 3042 lenis-ala
631 2984 740 3041 merite
755 2976 928 3042 adunando
942 2978 1173 3045 consmtienalo
1187 2980 1292 3045 crucis
1303 2980 1424 3045 Christi
1438 2980 1558 3045 vexillo

351 3076 531 3142 rolonbo.

394 3178 467 3243 llac
489 3184 598 3241 tannen
622 3196 695 3241 vcra
718 3177 909 3261 interposita
930 3178 1065 3241 rationis
1086 3178 1274 3243 condicione
1295 3186 1362 3243 tam
1384 3177 1560 3245 clerneuter

351 3276 410 3340 hoc
425 3296 524 3357 agens
539 3275 624 3359 quod
641 3275 721 3338 asilii
737 3296 756 3357 ]
773 3276 853 3341 meis
868 3275 1042 3341 heredibus
1057 3286 1125 3341 barn
1141 3276 1257 3343 stabile
1271 3278 1474 3361 Jimrauns]
1485 3298 1558 3363 prr·

352 3384 455 3458 petun-
468 3372 622 3437 inxnobilc
634 3372 735 3435 fixum
749 3374 783 3437 iu
798 3372 931 3437 «lumino
945 3374 980 3437 in
995 3393 1102 3437 terum
1119 3373 1271 3457 furalurcl
1285 3374 1342 3439 illa
1353 3374 1442 3439 uerbi
1455 3376 1560 3461 gratia

351 3476 584 3541 vicissitudinis
604 3476 829 3540 transmotatio
846 3496 945 3560 quam
967 3476 1047 3541 mihi
1071 3476 1194 3541 lsmilia
1216 3478 1316 3542 nostri
1340 3478 1455 3543 iratres
1470 3478 1559 3545 side·

351 3576 426 3641 licet
450 3596 490 3639 ex
516 3595 574 3639 suo
599 3575 725 3659 proprio
747 3574 832 3656 juria
855 3575 990 3638 arbitrio
1015 3576 1169 3639 anarrimo
1194 3574 1355 3641 desiderio
1376 3597 1397 3660 ῃ
1419 3596 1561 3643 maasiae

351 3676 469 3739 arentis
484 3694 639 3737 corase-asu
656 3683 847 3737 casuistarum
870 3674 1033 3737 suariorum
1049 3674 1283 3761 juniorumque
1303 3674 1430 3761 propria
1444 3674 1560 3741 uolua·

351 3782 418 3837 tate
434 3771 528 3835 trnli
530 3770 636 3833 lerunt
659 3779 775 3833 terram
800 3770 915 3855 utique
937 3770 995 3835 uhi
1017 3772 1089 3835 ab
1081 3771 1196 3837 tricolis
1218 3774 1357 3859 regionis
1370 3782 1413 3837 at
1427 3774 1560 3840 liuraaa

353 3892 411 3933 rw
405 3869 546 3932 uvitalum
570 3868 723 3934 elicitur.
748 3880 905 3953 quattuor
930 3879 1074 3933 aratrum
1100 3891 1200 3953 quiam
1226 3882 1345 3937 terram
1370 3874 1505 3935 totam'
1491 3892 1561 3955 jasa

353 3968 477 4032 dudum
508 3965 642 4030 Ahllmn
672 3966 806 4051 quidam
840 3988 948 4031 causes
978 3968 1178 4033 amaricantis
1216 3970 1415 4055 propinquus
1450 3968 1562 4037 domat

354 4066 408 4131 ln
411 4063 550 4129 mlarhts
570 4062 801 4148 archiepiscopi
823 4064 968 4128 familiae
994 4086 1014 4147 ἰ
1042 4069 1189 4151 pmpriae
1210 4068 1478 4155 sinbmlsritcrqus
1499 4068 1563 4135 irs·

353 4167 457 4229 tribus
481 4184 540 4247 pro
562 4172 692 4225 aeterua
718 4162 938 4225 larriiliaritatc
956 4161 996 4227 dc
1023 4184 1080 4246 pro
1097 4166 1224 4229 anianae
1248 4188 1324 4231 snae
1344 4166 1564 4253 redemptione

349 4265 421 4345 jare
437 4271 592 4345 perpetua
607 4259 770 4344 lib-saque
785 4260 826 4323 ad
846 4260 1077 4345 pasidmalmn
1103 4262 1170 4327 illis
1192 4264 1368 4330 donauerat
1383 4316 1391 4331 .
1407 4264 1563 4350 illamqua

353 4372 468 4425 lcrtatrr
487 4358 645 4437 &alethi
663 4378 717 4421 rex
735 4356 892 4421 Altlhttno
908 4359 1141 4425 manscrilauulo
1162 4360 1316 4429 tls-slent,
1361 4363 1423 4427 Sal
1439 4372 1565 4448 puteo

353 4482 407 4524 rer
425 4460 498 4519 tilla
516 4456 692 4540 predictam
709 4463 825 4519 terrain
842 4478 861 4517 a
878 4470 987 4521 matra
1011 4458 1133 4522 iurarilia
1156 4460 1291 4524 slstulit
1308 4459 1456 4526 ridelioet
1469 4458 1563 4545 quasi

576 4620 584 4651 ·
603 4620 728 4675 sanant
740 4620 767 4669 a·
778 4618 825 4669 u·
835 4620 940 4669 assas
951 4622 980 4671 «a
991 4621 1037 4669 ιι.
1050 4622 1246 4681 samm
1260 4624 1345 4673 ιιωι
