3816 5258
174 433 236 481 an.
253 414 342 499 816]
473 434 667 487 aaoamsrou
691 392 733 487 or
755 437 875 487 nisam
890 396 1068 490 'annana
1301 420 1369 517 aar

140 632 143 637 -
173 589 305 655 modara
326 588 362 652 in
383 588 444 654 hoe
465 590 601 658 saecula
616 593 704 678 quod
724 614 784 679 ego
800 603 920 661 aneta
939 594 1113 661 salvatoris
1132 593 1248 659 mundi
1266 594 1371 661 Doro·

73 738 75 742 ⁴
173 686 325 752 bernensi
338 686 490 753 aecclesiae
511 698 545 754 et
565 692 747 757 uenerando
770 693 858 777 patri
883 693 1091 760 naumann
1111 688 1372 779 mhiepisnopo.

173 788 308 873 ejusque
322 790 556 855 successoribus
569 812 666 877 quem
679 786 819 877 superna
833 795 1002 879 praevideo
1017 796 1170 881 gratiaci
1185 793 1279 861 nobie
1299 814 1373 879 pro-

173 888 316 953 destinat
337 888 372 952 in
391 888 549 972 patmm'.
570 891 684 955 devota
707 901 742 956 et
764 892 992 958 fideli'mente
1006 914 1135 978 semper
1155 892 1316 959 deservire
1335 898 1373 959 et

173 986 316 1051 obedire
330 986 476 1051 desidero
492 1036 501 1053 .
517 988 727 1073 stabilemque
742 1011 794 1054 me
809 1011 878 1055 esse
887 1036 900 1057 ,
914 1000 1161 1074 permanentem
1177 991 1248 1057 siue
1260 990 1372 1076 alique

151 1126 154 1131 -
174 1085 430 1151 dissimulatione
452 1093 486 1152 et
499 1088 728 1171 disceptatione
743 1137 750 1153 .
767 1089 918 1153 onmibus
930 1089 1047 1155 diebus
1060 1090 1218 1174 quamdin
1238 1088 1372 1174 spiritur

174 1192 225 1248 est
239 1183 274 1246 in
290 1183 421 1248 naribus
435 1185 516 1250 meis
530 1195 564 1250 ct
576 1186 645 1250 vita
659 1206 765 1251 comes
776 1186 874 1251 luerit
885 1237 892 1252 .
904 1207 1073 1271 nunquam
1088 1207 1141 1252 me
1154 1185 1315 1251 declinare
1327 1182 1373 1251 td

175 1281 342 1347 dexteram
362 1303 466 1366 neque
485 1282 526 1347 ad
548 1284 710 1348 sinistram
724 1289 733 1343 Ξ
749 1285 790 1347 ab
809 1283 868 1347 illa
889 1284 966 1349 sede
987 1292 1101 1350 sancta
1120 1282 1372 1349 Dorobcmenrir

173 1381 326 1445 aecclesiae
341 1431 348 1444 .
364 1402 437 1465 qnae
450 1390 548 1464 caput
562 1392 611 1446 est
626 1382 729 1447 totius
740 1382 846 1466 gentis
860 1380 1066 1466 Augl'orum⁸
1079 1386 1089 1441 t
1103 1380 1160 1446 sed
1174 1380 1244 1446 aine
1261 1378 1381 1465 aliquo·
1414 1396 1418 1401 ·

175 1478 326 1562 scmpulo
341 1477 506 1543 diabolicae
521 1480 640 1544 fiendis
658 1481 715 1544 ,et
728 1480 849 1543 humili
863 1480 1036 1545 deuotione
1051 1529 1059 1544 .
1075 1486 1111 1545 ct
1126 1478 1250 1545 sincere
1262 1484 1374 1545 mente

174 1577 225 1641 illi
239 1577 365 1661 prefato
380 1578 465 1661 patri
476 1577 631 1642 Uulsrcdo
645 1578 882 1663 archiepiscopo
893 1588 927 1643 et
941 1577 1180 1643 successoribus
1192 1576 1263 1659 ejus
1275 1595 1375 1661 quern

175 1676 288 1739 diuina
316 1676 419 1759 gratia
447 1676 488 1739 ad
517 1675 606 1741 illam
635 1672 781 1742 sancmm
810 1676 920 1741 sedem
949 1675 1160 1760 praedestinat
1187 1674 1375 1759 episcopum
1398 1716 1401 1721 -

156 1777 336 1845 ,deserm're
361 1828 369 1842 .
392 1788 426 1841 et
448 1778 587 1843 obedire
610 1779 759 1843 omnibus
784 1778 908 1843 uiribus
933 1778 1044 1843 meis.
1066 1776 1138 1842 Deo
1161 1772 1376 1861 omnipotenti

176 1878 331 1942 confiteor
345 1883 378 1941 et
395 1875 486 1939 illam
508 1883 651 1941 sanctam
671 1876 882 1960 apostolicam
904 1875 1003 1940 tidem
1024 1895 1124 1959 quam
1144 1862 1252 1958 patrer
1272 1872 1377 1939 noant

176 1977 288 2040 diuina
303 1976 400 2041 simul
415 1983 449 2041 ct
462 1975 602 2040 humana
616 1977 701 2041 sicut
721 1977 971 2061 praedecessores
991 1974 1059 2041 mci
1079 1975 1143 2059 ipsi
1165 1982 1285 2039 aneta
1305 1972 1377 2039 sedi

178 2075 331 2141 aecclcsiae
347 2074 467 2139 Christi
481 2075 646 2157 subjuncti
660 2084 738 2139 sunt
751 2095 879 2158 semper
892 2094 1021 2139 servare
1039 2093 1092 2137 me
1106 2071 1192 2137 uelle
1210 2070 1378 2137 inutiliter

178 2195 236 2259 per
250 2174 359 2238 onmia
373 2174 496 2239 fateor.
512 2183 545 2237 ct
559 2174 644 2257 quod
658 2173 708 2237 illi
723 2173 778 2237 hic
792 2182 826 2237 et
841 2173 887 2236 ibi
904 2174 996 2255 juste
1011 2171 1099 2256 plebi
1114 2170 1178 2235 Dei
1192 2169 1378 2254 predicave-

177 2282 255 2336 runt
269 2280 303 2337 et
317 2272 525 2337 custodiendo
539 2272 769 2356 impleverunt⁴
784 2276 793 2332 t
807 2272 869 2335 hoc
886 2270 1053 2354 predicare
1072 2276 1107 2335 et
1127 2268 1295 2335 observare
1311 2288 1379 2333 non

178 2392 267 2437 cesso
296 2420 305 2435 .
335 2373 464 2436 favente
493 2380 527 2436 et
555 2370 683 2435 volente
713 2371 767 2455 pio
796 2370 928 2433 donriuo
953 2368 1115 2433 salvatore
1140 2374 1251 2433 nostro
1273 2365 1380 2431 Jheru

178 2470 331 2537 Christo.

312 2601 408 2667 Hanc
423 2603 574 2686 scriptam
589 2601 739 2687 paginam
753 2622 812 2687 ego
827 2598 1038 2666 Hereuuinns
1051 2618 1125 2663 mea
1138 2560 1268 2684 propria
1279 2616 1381 2663 mann
1457 2652 1470 2695 Ι.
1544 2574 1549 2581 ’

398 2722 473 2766 cum
495 2700 615 2766 vexillo
637 2709 759 2767 sanctas
780 2700 885 2765 crucis
908 2696 1031 2765 Christi
1056 2694 1223 2763 subscribo
1245 2700 1281 2761 et
1303 2714 1381 2763 ocu·

398 2800 511 2864 firmo.

180 2954 227 3004 ΙΑ.)
235 2954 285 2996 ΜΒ.
294 2953 386 2999 Cotton.
393 2952 517 3003 Cleopfltn
526 2951 550 2993 Ε.
560 2951 577 3002 i,
585 2951 610 2994 ss.
620 2950 672 3001 “03
685 2951 718 2993 1⁶.
802 2949 856 3002 Rq.
866 2948 940 2999 stri..
947 2949 978 2991 L
985 2947 1002 2995 Ι.
1009 2947 1052 2991 101.
1059 2949 1107 2991 Ν.

181 3018 232 3068 [lt]
244 3016 324 3059 resen·
334 3017 448 3068 Rqffmir,
457 3015 494 3056 ed.
504 3014 603 3065 lium,
612 3016 689 3066 pm.
805 3011 853 3062 [8.]
863 3007 1313 3062 Μωώδὶῦθὴήῆμω.

542 3261 968 3274 ..m

183 3480 255 3545 355.
277 3478 452 3561 Prosus-iou
475 3478 513 3558 os
530 3475 683 3550 Hrctbuu,
698 3474 817 3557 Bishop
839 3473 878 3555 of
892 3471 1051 3546 ἱείαείον,
1064 3475 1096 3532 to
1120 3466 1264 3551 Uuljrod‚
1277 3464 1381 3530 Areb-

477 3579 581 3661 bisiop
596 3578 634 3660 qf
644 3575 849 3658 Oacrtcrbury.
892 3596 916 3639 c.
931 3588 996 3637 u).
1013 3572 1089 3637 816.

372 3723 552 3785 Puorrssm
574 3719 728 3782 Raram
750 3717 1002 3779 Lcooaacrssrs
1024 3724 1195 3776 rmsoorl.

163 3910 166 3916 ,
229 3854 312 3919 Cum
328 3853 414 3917 enim
437 3849 608 3913 inuisibilis
631 3850 720 3912 Dens
742 3855 867 3911 creator
885 3845 1033 3909 omnium
1049 3862 1109 3927 pro
1128 3860 1189 3905 sna
1206 3838 1327 3924 pietate
1346 3845 1382 3905 et
1422 3874 1428 3883 ·

183 3972 243 4037 pro
257 3952 399 4015 maxima
413 3950 602 4014 necessitate
617 3947 750 4010 humaui
764 3946 890 4031 generis
901 3942 1024 4007 mundo
1035 3961 1094 4026 per
1104 3958 1234 4005 carnem
1243 3934 1383 4003 viaibffis

185 4052 357 4135 apparuit.
372 4057 470 4134 atque
485 4055 628 4112 sanctam
643 4046 836 4110 catholicam
851 4043 1029 4108 aecclesiam
1043 4060 1133 4104 sacro
1148 4057 1207 4102 suo
1226 4034 1383 4120 sanguim

184 4149 382 4234 comparavit
408 4197 417 4213 .
443 4168 576 4231 eamque
605 4167 662 4231 per
691 4156 818 4209 sanctos
844 4141 1005 4227 apostolos
1029 4140 1211 4222 electosque
1239 4133 1384 4199 docum

184 4259 305 4314 rectam
321 4251 355 4313 in
370 4269 443 4313 enm
464 4248 573 4311 docuit
595 4246 690 4309 tidem
712 4245 852 4307 haberet
869 4252 980 4326 postea
1003 4259 1073 4303 mos
1094 4244 1214 4301 saache
1233 4231 1385 4298 recolente

186 4347 342 4412 inolem't.
359 4358 396 4412 ut
418 4346 546 4431 qnando
569 4344 704 4425 alicujus
726 4341 899 4426 provinciae
922 4336 1107 4421 episcopus⁸
1125 4340 1184 4398 aut
1205 4332 1245 4397 dc
1266 4328 1385 4395 saeculo
1467 4354 1471 4361 ·

185 4447 338 4531 migraret
359 4496 369 4513 .
390 4456 448 4511 aaut
469 4445 533 4509 alia
554 4442 770 4527 qualicunque
792 4438 977 4504 conditione
998 4436 1091 4499 Deus
1112 4432 1268 4497 voluisset
1286 4434 1327 4493 nt
1346 4448 1387 4493 eo

236 4620 392 4682 ¹Prosidet,
405 4616 484 4670 tt&
581 4616 728 4675 8I‘utrienr¹
741 4612 777 4663 Η.
820 4612 855 4743 Ηῑ
871 4610 1034 4675 Angustum,
1046 4605 1082 4657 Η.
1180 4602 1282 4668 ⁴1npl..
1293 4598 1329 4653 Η.

718 4695 807 4760 σφῇ
847 4726 856 4745 ·
