3816 5258
261 358 264 363 -
361 330 425 381 an.
441 305 532 403 835]
689 334 842 384 wmnnar
862 334 905 385 ro
927 300 1106 386 ciamaun
1126 324 1243 387 amm.
1498 298 1623 405 ddi·
1710 302 1714 309 ¹

362 486 528 553 redeundo
541 508 654 555 versus
667 492 823 557 orientem
836 512 896 575 per
908 490 1088 559 Wodelndc
1101 513 1205 578 usque
1218 492 1262 561 ad
1280 492 1442 580 Apinhclt
1461 502 1499 563 et
1517 494 1573 563 ibi
1656 514 1673 541 -·

364 584 587 651 ascendendo
602 608 659 671 per
672 609 789 673 aquarn
802 589 843 653 de
858 588 999 656 Weland
1012 610 1085 673 quae
1100 598 1151 655 est
1170 600 1285 675 quarta
1305 612 1391 677 aqua
1411 592 1574 661 claudem
1608 610 1611 615 '

365 683 508 748 insulam
531 686 566 749 in
592 686 650 750 illa
670 695 760 769 parte
780 687 865 751 sicut
885 686 983 751 tertia
1004 706 1090 771 aqua
1110 688 1152 753 de
1173 687 1266 755 Nene
1287 688 1410 755 claudit
1430 712 1503 757 eam
1523 710 1574 759 ex

366 782 470 847 altera
491 793 583 867 parte
598 785 705 867 pontis
726 785 766 850 de
789 783 955 867 Croyland
976 804 1080 868 usque
1102 785 1143 850 ad
1166 786 1326 851 Seuerum
1346 788 1388 853 de
1401 788 1574 857 samuel:
1613 844 1617 851 .

366 881 512 946 cadentis
533 884 568 946 in
590 883 728 948 Weland
748 883 805 947 ubi
826 892 918 947 stans
940 883 1042 947 fracta
1063 903 1144 948 crux
1164 882 1292 968 lapidea
1313 885 1414 951 distat
1432 886 1475 953 ab
1494 886 1574 973 ipsa

366 1000 451 1065 aqua
466 981 507 1045 de
522 982 686 1046 Asendick
708 982 891 1065 est-quinta
910 1002 996 1064 aqua
1014 981 1167 1048 claudens
1188 982 1231 1047 ab
1252 983 1311 1049 illo
1334 984 1406 1051 loco
1425 984 1573 1053 insalm

367 1077 557 1160 praedictarn
579 1088 689 1143 contra
708 1078 903 1163 Aquilonem
925 1099 1028 1162 usque
1051 1079 1093 1145 ad
1114 1080 1288 1146 Asuiotcit
1301 1132 1311 1148 .
1324 1082 1354 1147 si
1375 1092 1467 1149 extr·
1486 1084 1573 1151 uana

367 1176 512 1260 quinque
536 1198 636 1261 aquas
661 1186 695 1243 et
716 1186 818 1243 metas
838 1178 1088 1262 prenominatus
1110 1178 1269 1263 fugitivus
1292 1180 1446 1247 inventus
1468 1180 1573 1247 luerit

367 1280 526 1359 tanquam
563 1277 668 1342 Semei
703 1285 793 1342 extra
820 1276 1005 1341 Jerusalem
1033 1275 1173 1361 publicis
1200 1276 1327 1363 legibus
1358 1278 1572 1363 subjiciendis

368 1393 497 1458 paenam
518 1396 617 1460 quam
638 1376 754 1440 meruit
775 1374 940 1458 patietur.
955 1374 1043 1457 quod
1064 1374 1094 1439 si
1114 1376 1201 1440 intra
1221 1376 1391 1461 praedictus
1411 1396 1513 1462 aquas
1533 1384 1573 1445 et

371 1480 475 1537 metas
490 1523 500 1549 ,
514 1481 547 1538 et
561 1474 782 1556 praedictarum
803 1492 961 1556 aquarum
986 1474 1073 1557 ripas
1096 1475 1270 1539 exteriores
1291 1524 1304 1555 ,
1327 1474 1540 1543 homicidium
1558 1522 1570 1553 .
1655 1480 1658 1485 '

368 1569 493 1635 furtum
508 1571 561 1635 rel
576 1572 672 1635 aliam
688 1572 922 1635 forisfacturam
938 1570 1049 1636 iecerit
1070 1592 1128 1656 per
1148 1572 1273 1639 balivos
1288 1572 1368 1637 dicti
1381 1572 1580 1657 monasterii*
1624 1570 1630 1583 '

369 1668 546 1752 capiendus
557 1671 652 1752 juxta
662 1671 697 1732 in
706 1670 775 1752 ipsa
783 1669 890 1733 insula
899 1669 993 1751 cujus
1004 1670 1244 1735 immunitatem
1255 1670 1398 1755 perdidit
1405 1672 1571 1757 parium,

369 1781 403 1834 et
425 1769 547 1835 ibidem
566 1770 758 1853 judicandus
773 1771 808 1834 in
828 1790 954 1834 carcerc
975 1770 1115 1836 Abbatis
1133 1771 1420 1837 condemnabitur.
1463 1772 1509 1839 Et
1529 1780 1573 1841 at

369 1868 459 1933 istud
473 1890 583 1933 mcum
598 1869 799 1952 privilegium
816 1868 940 1932 firmius
954 1874 988 1931 ct
1003 1869 1116 1932 lortius
1135 1869 1177 1935 ed
1198 1878 1342 1955 posteros
1362 1879 1572 1955 perseveret.

370 1987 429 2052 per
443 1968 612 2031 dominum
622 1989 729 2032 meum
740 1968 914 2051 Egbertum
927 1987 1033 2050 regem
1044 1967 1277 2033 ll’estsaxoniae
1288 1977 1340 2045 ,et
1354 1968 1572 2037 Athelwldum

375 2066 480 2130 filium
496 2069 567 2149 ejus
581 2067 663 2131 illud
677 2066 801 2131 obtinui
817 2065 998 2129 confirmari
1011 2114 1019 2129 .
1064 2066 1171 2131 Oliero
1185 2066 1285 2131 etiam
1299 2068 1475 2133 Secretario
1487 2068 1574 2135 dicti

369 2167 557 2229 monasterii
573 2167 607 2229 in
622 2165 835 2230 ministerium
850 2163 1047 2227 sanctissimi
1060 2162 1171 2229 altaris
1193 2163 1367 2230 clamidem
1387 2166 1573 2233 coccineam
1665 2230 1668 2235 .

371 2285 436 2348 qua
450 2264 585 2328 indutus
601 2286 687 2328 eram
701 2264 737 2326 in
751 2262 955 2326 coronatione
970 2282 1042 2326 mea
1056 2262 1097 2326 ad
1112 2282 1224 2345 capam
1243 2262 1320 2329 inde
1339 2264 1409 2329 siue
1427 2263 1573 2331 aculam

371 2364 553 2429 faciendam
568 2414 576 2441 ,
591 2372 624 2429 et
643 2365 677 2426 in
698 2361 848 2425 Fcclesiac
863 2361 1072 2449 sanctissimae
1095 2368 1320 2426 ornamentum
1333 2362 1574 2431 velummanm

368 2484 503 2527 aureum
518 2484 582 2546 quc
597 2461 749 2525 inciditur
763 2459 924 2524 excidium
939 2460 1041 2542 Troja»
1060 2460 1096 2523 in
1117 2480 1189 2524 nico
1210 2461 1429 2525 anniversario
1449 2462 1479 2527 si
1499 2460 1576 2547 pls·
1697 2478 1700 2483 ·

370 2561 473 2625 cuerit
497 2562 531 2624 in
559 2560 733 2643 parietibus
757 2557 1019 2640 suspendendum
1044 2608 1052 2623 .
1097 2558 1204 2623 Ollcro
1228 2560 1327 2623 etiam
1354 2560 1575 2627 lrefectorario

371 2659 452 2724 dicti
467 2658 654 2723 monasterii
668 2656 709 2720 ad
724 2677 818 2719 usum
833 2655 1038 2737 praesidentis
1047 2656 1192 2739 quotidie
1207 2657 1242 2720 in
1251 2656 1418 2723 refectorio
1429 2658 1575 2743 cyphum
1616 2656 1623 2667 '

372 2778 483 2821 meum
498 2757 686 2820 dcauratum
701 2756 734 2819 et
755 2775 812 2837 per
826 2761 929 2816 totam
951 2761 1077 2837 partein
1099 2755 1289 2820 exteriorem
1311 2756 1457 2823 barbaris
1469 2758 1575 2825 victo-

374 2856 464 2919 ribus
486 2856 527 2919 ad
550 2856 701 2918 dracones
723 2850 943 2937 pugnantibus
966 2852 1104 2917 celatum
1125 2874 1222 2936 quem
1247 2854 1439 2919 cratibolum
1462 2876 1576 2925 meum

371 2954 486 3018 solitus
513 2975 585 3018 sum
611 2973 721 3018 uocare
742 3004 752 3029 ,
774 2953 851 3035 quia
876 2953 1006 3035 signum
1032 2951 1136 3016 crucis
1161 2972 1218 3036 per
1240 2960 1460 3019 transversum
1483 2954 1576 3041 ciphi

374 3053 572 3135 imprimitur
592 3052 725 3116 interius
745 3072 819 3115 cum
841 3058 982 3134 quatuor
1001 3049 1128 3135 angulis
1150 3050 1250 3115 simili
1271 3052 1478 3137 impressione
1498 3074 1575 3139 pro-

277 3216 286 3229 ,
373 3151 599 3214 tuborantibus
626 3156 689 3225 ,ct
713 3170 811 3214 cornu
834 3170 914 3213 ruere
935 3168 1055 3212 mensae
1078 3157 1115 3212 ut
1136 3170 1228 3214 senes
1250 3151 1436 3217 monasterii
1459 3151 1576 3219 bibent

373 3248 450 3313 inde
471 3250 507 3311 in
531 3249 621 3313 festis
645 3257 825 3312 sanctorum
840 3300 849 3326 ,
864 3258 897 3313 et
919 3248 954 3311 in
977 3247 1044 3311 suis
1066 3248 1343 3316 benedictionibus
1366 3250 1576 3319 meminerint

374 3347 548 3431 aliquando
563 3348 677 3412 ammae
693 3347 847 3411 ll'iclatiae
863 3346 1026 3411 donatoris
1042 3394 1051 3412 .

417 3448 580 3511 Continuo
606 3448 703 3512 etiam
727 3447 813 3510 dicto
836 3446 1032 3509 monasterio
1054 3466 1163 3510 omnes
1186 3454 1287 3511 terras
1309 3455 1344 3513 et
1364 3454 1549 3515 tenementa
1561 3498 1573 3529 ‚

373 3548 591 3631 possessiones
607 3599 615 3624 ,
629 3555 663 3610 et
677 3566 785 3610 earum
800 3545 928 3628 peculia
943 3553 977 3608 et
998 3545 1105 3607 culnia
1127 3544 1191 3609 alia
1213 3545 1345 3611 donaria
1365 3566 1438 3631 quse
1458 3544 1574 3631 prede-

375 3666 514 3710 cessores
536 3647 600 3709 mci
624 3665 711 3728 reges
734 3644 930 3708 Mercicrum
953 3653 986 3707 et
1012 3663 1121 3707 eorum
1143 3664 1289 3727 proceres
1310 3644 1362 3710 vel
1384 3644 1440 3709 alii
1462 3644 1574 3713 fidele·

376 3745 554 3809 Christiani
578 3746 645 3808 sive
667 3742 764 3807 Judei
787 3743 883 3805 dictis
905 3742 1071 3806 monachis
1092 3741 1250 3807 dederunt
1264 3793 1273 3819 ,
1287 3742 1581 3809 vendideruntvel-

377 3844 640 3917 nundinuerunt,
661 3850 718 3905 aut
740 3841 848 3923 aliquo
869 3839 935 3903 alio
957 3840 1052 3904 modo
1074 3840 1108 3904 in
1131 3849 1317 3925 perpetuam
1339 3842 1573 3927 possessionem

377 3941 582 4004 tradiderunt
597 3992 605 4016 ,
619 3948 653 4003 et
674 3939 854 4022 specialiter
875 3940 998 4002 donum
1020 3938 1170 4002 Thoroldi
1192 3940 1354 4023 quondam
1375 3940 1574 4007 simeonitis

376 4040 552 4103 lincolnia²
575 4040 609 4102 in
632 4037 816 4102 Bokcnhalc
833 4037 1008 4111 ,videlicet
1028 4037 1108 4101 duas
1128 4050 1290 4101 carucatas
1312 4046 1404 4103 terre
1425 4046 1460 4103 et
1477 4038 1573 4103 dimi·

375 4139 666 4222 dia1n‚etvi0‹n'uti
686 4159 742 4201 sex
762 4158 851 4200 acras
873 4137 959 4220 prati
978 4146 1035 4212 ,ct
1057 4137 1291 4219 quinquaginta
1310 4158 1399 4202 acras
1420 4136 1510 4203 silvie
1531 4137 1573 4203 de

303 4282 306 4287 -
375 4238 503 4301 brusluu
518 4289 526 4302 .
572 4239 656 4301 Item
671 4237 790 4299 donum
806 4232 946 4318 Geclplii
963 4236 1021 4298 lilii
1036 4235 1147 4298 Multae
1163 4236 1197 4299 iu
1212 4236 1390 4320 ilalinglon
1402 4285 1410 4312 ,
1422 4234 1574 4317 uidelicet

378 4346 518 4419 quatuor
532 4337 664 4399 bovatas
679 4345 770 4399 terrae
785 4334 824 4397 de
848 4333 988 4397 Lulaud¹
1004 4384 1012 4409 ,
1027 4342 1060 4398 et
1081 4334 1192 4399 decem
1211 4333 1343 4399 bovatas
1365 4335 1399 4398 iu
1420 4332 1576 4423 seruitio„

375 4446 409 4498 et
440 4436 575 4519 triginta
604 4442 741 4519 quatuor
769 4454 858 4497 acras
887 4428 971 4517 pr'ati
1001 4432 1037 4495 iu
1066 4432 1283 4517 Gerutliorp.
1337 4432 1423 4497 Item
1452 4432 1575 4497 donum

905 4606 1050 4659 ¹linlnd.
