3816 5258
156 292 221 343 ab.
237 279 330 364 ⁸⁰9]
568 299 718 350 csouunr
738 300 780 351 ro
801 290 974 352 suumn?
1164 330 1169 339 -
1299 290 1367 361 45⁸1
1419 330 1422 335 -

159 662 234 728 aas.
258 664 365 727 oram
391 665 430 748 ay
453 662 597 750 camus,
621 668 711 750 rana
738 631 779 754 of
801 648 852 734 aa
873 670 1035 751 armam
1054 671 1125 735 aaa
1144 670 1185 754 os
1212 670 1311 747 rm,
1335 676 1368 735 c

297 761 446 846 Urdsrcd,
467 764 662 849 Aaronom
686 768 726 850 cf
752 766 959 853 cormery,
982 770 1023 852 os
1047 768 1129 833 lond
1156 776 1193 833 at
1218 768 1368 847 Borion,

290 860 471 937 marcam,
495 884 533 925 or
553 864 705 941 Boriraua
717 886 758 929 co.
773 865 867 930 Καὶ.
912 859 976 931 nn.
991 867 1065 931 809.

607 1006 841 1099 'amaa

205 1141 246 1220 'l‘
271 1139 311 1202 1n
327 1142 459 1205 nomine
472 1141 533 1204 alti
546 1140 654 1204 throni
669 1140 731 1206 Dei
751 1143 870 1205 summi
884 1142 968 1227 regis
983 1145 1130 1209 aeterni.
1175 1144 1244 1229 ago
1257 1144 1368 1211 Oson-
1453 1228 1457 1233 Ι

160 1254 267 1303 utres
286 1238 410 1302 Christi
429 1239 536 1322 gracia
556 1259 614 1303 rex
633 1238 828 1303 hlerciomm
849 1247 947 1325 atque
961 1242 1129 1326 provincie
1145 1241 1268 1309 Cancie
1281 1241 1367 1309 dabo

127 1391 129 1395 Α
159 1345 193 1401 ct
214 1335 355 1401 eorrcedo
370 1338 439 1400 uiro
454 1336 637 1401 r'errerando
652 1336 836 1402 Uvarrtnco
858 1339 1106 1423 metropolitane
1127 1344 1240 1406 sancte
1260 1341 1367 1407 alva:

159 1438 239 1501 toris
254 1437 388 1502 ecclesie
410 1436 648 1521 archiepiscopo
671 1436 813 1522 aliquam
834 1444 962 1522 partam
981 1446 1067 1505 terre
1076 1440 1162 1524 juris
1181 1441 1247 1507 mei
1259 1462 1281 1505 a
1294 1442 1367 1507 Deo
1456 1500 1461 1510 .

159 1536 236 1599 data
258 1535 358 1599 miehi
381 1542 542 1619 potestate
565 1535 600 1597 in
622 1535 782 1619 propriam
804 1535 1054 1601 hereditariam.
1099 1538 1174 1603 Hoc
1194 1545 1246 1603 est
1263 1589 1273 1603 .
1292 1554 1367 1607 m.
1454 1548 1457 1553 “

158 1644 340 1701 aratrorum
355 1636 391 1699 in
406 1636 477 1699 loco
491 1637 549 1718 qui
564 1636 682 1700 dicitur
700 1636 886 1700 Bacurnsu
908 1658 967 1721 pro
986 1638 1196 1704 estimacione
1210 1640 1366 1724 peccaris

159 1736 230 1817 ejus
245 1785 253 1799 .
268 1751 341 1797 xxx
355 1785 363 1798 .
377 1734 478 1797 libras
492 1783 500 1797 .
516 1754 590 1797 cum
606 1733 754 1798 omnibus
770 1734 837 1799 usis
855 1734 898 1798 ad
917 1757 953 1801 se
974 1736 1035 1799 rite
1058 1735 1298 1819 pertinentibus
1311 1738 1368 1804 vel

137 1856 139 1860 ⁴
158 1834 194 1896 in
217 1853 287 1896 sese
308 1832 466 1896 habentes
489 1882 496 1896 .
519 1831 611 1896 silvis
626 1883 633 1896 .
649 1833 771 1916 eampis
786 1881 794 1897 .
808 1833 937 1917 pascuis
951 1884 959 1898 .
973 1834 1095 1918 pratis.
1109 1834 1366 1903 venacionibus.

158 1931 368 2013 fontanisque
382 1980 390 1995 .
405 1940 561 2014 perlatae
575 1931 734 1995 libertatis
748 1931 974 1996 munificencia
993 1931 1055 1996 tibi
1078 1932 1276 2016 perfruendo
1289 1954 1366 1999 oon·

158 2050 284 2095 cessum
300 2029 362 2093 sit.
408 2029 451 2093 Et
466 2037 540 2113 post
555 2029 678 2094 obitum
693 2035 787 2093 tuum
802 2030 995 2113 cuicumque
1010 2030 1072 2093 tibi
1086 2029 1318 2114 complacuerit
1330 2031 1367 2097 in
1435 2096 1439 2103 ,

158 2128 272 2193 eadem
294 2127 518 2192 condicionem
540 2147 665 2210 semper
685 2127 858 2191 heredibus
878 2128 946 2191 tuis
960 2176 968 2191 .
983 2147 1049 2209 qna
1068 2146 1089 2191 a
1107 2147 1162 2192 me
1178 2147 1367 2195 concessam

160 2235 211 2291 est
232 2227 317 2291 tibi.
363 2228 417 2290 Ita
439 2226 624 2309 peremnia
647 2225 716 2289 sine
735 2225 846 2309 aliqua
866 2224 1001 2289 lesionis
1023 2224 1167 2307 injuria.
1181 2226 1368 2293 eternaliter

159 2335 350 2409 permaneat
371 2375 381 2389 .
403 2326 487 2389 Cum
510 2324 696 2388 certissimis
718 2332 751 2387 et
774 2323 951 2386 notissimis
978 2322 1155 2386 tenninum
1176 2323 1369 2409 propinquis

159 2423 414 2487 adherentibus.
438 2430 472 2487 et
494 2421 799 2505 circumjacentibus
816 2421 894 2504 ‚qni
908 2420 951 2483 ab
966 2418 1127 2503 indigenis
1144 2418 1256 2485 telluri
1277 2420 1368 2488 illius

160 2528 394 2605 nuncupantur
409 2521 450 2584 ab
469 2520 624 2584 orientale
639 2519 734 2603 plaga
748 2518 882 2582 meldun
904 2518 947 2582 ab
969 2518 1111 2583 australe
1127 2526 1220 2603 parte
1239 2568 1248 2585 .
1271 2520 1366 2587 Bere·

159 2620 236 2683 ham
264 2670 271 2686 .
295 2620 338 2682 ab
368 2618 535 2683 occidente
559 2669 566 2683 .
588 2618 737 2682 harodi.
765 2617 809 2680 Et
838 2616 880 2680 ab
909 2614 1096 2700 aquilonale
1123 2626 1217 2701 parte
1237 2666 1246 2681 .
1268 2616 1368 2683 Eald·

158 2718 364 2803 huninglond
381 2766 389 2783 .
406 2717 470 2781 hiis
484 2717 679 2782 terminibus
693 2716 958 2800 circumpositus.
974 2721 1009 2780 et
1022 2715 1239 2781 caracteribus
1252 2732 1368 2801 preno-

159 2829 266 2883 tatum
281 2828 353 2886 est.
428 2857 433 2864 ·

204 2919 339 3001 Siquis
368 2928 480 2982 contra
510 2918 595 2981 hanc
624 2916 833 2981 donacionem
864 2936 970 2981 meam
994 2915 1155 2980 diabolica
1178 2916 1292 2981 troade
1317 2916 1368 2981 in·

159 3020 297 3103 hingone
318 3020 529 3103 temptaverit
545 3068 553 3084 .
570 3020 651 3083 sciat
671 3039 706 3083 se
728 3018 797 3082 sine
819 3017 919 3081 dubio
941 3017 1148 3082 anathemem
1168 3026 1368 3083 mranatam

158 3139 229 3182 esse
254 3119 318 3182 nisi
342 3120 441 3203 digna
468 3118 686 3182 satisfactione
708 3116 951 3181 emendaverit.
996 3117 1041 3180 Et
1069 3115 1099 3181 si
1123 3115 1199 3200 quis
1220 3114 1369 3200 sugendo

159 3218 379 3301 multiplicare
395 3217 536 3283 voluerit
550 3266 558 3280 .
574 3223 689 3300 augeat
705 3216 910 3300 omnipotens
930 3215 1021 3280 Deus
1036 3214 1087 3279 illi
1101 3223 1215 3280 eterna
1233 3214 1319 3279 bona
1331 3214 1369 3279 in

159 3315 334 3380 celestibus
349 3316 458 3399 regnis
473 3366 480 3379 .

203 3417 326 3478 Actum
355 3424 406 3478 est
428 3464 436 3487 ,
458 3435 545 3477 anno
567 3413 726 3477 dominice
755 3410 1021 3476 incarnacionis.
1044 3408 1160 3475 Μεθ’.
1183 3426 1258 3475 urm
1279 3460 1288 3475 .
1311 3411 1369 3475 ln·

157 3512 301 3577 dictione
316 3563 323 3576 .
341 3529 367 3576 11
382 3562 389 3575 .
402 3514 500 3595 juxta
525 3511 756 3574 monasterium
782 3510 870 3593 quod
895 3508 1017 3572 dieitur
1042 3508 1231 3587 Crcgedena
1258 3528 1368 3574 coram
1457 3490 1477 3563 .'

157 3609 222 3673 hiis
238 3610 378 3674 testibus
393 3631 533 3693 quorum
548 3609 632 3671 inira
647 3608 780 3671 nomina
794 3614 945 3671 caraxata
960 3606 1086 3690 digesta
1100 3612 1206 3672 aunt.

290 3745 330 3823 ᾧ
358 3743 425 3825 Ego
455 3739 634 3805 l'uliredus
664 3738 770 3823 gracia
792 3738 853 3802 Dei
878 3736 1138 3821 archiepiscopus
1160 3737 1368 3805 consensione

423 3843 621 3926 subscripsi.
1067 3855 1074 3866 ·

290 3945 331 4023 ψ
357 3943 425 4024 Ego
440 3941 667 4005 Dsneberhtus
682 3940 850 4021 episcopus
864 3937 1073 4001 crmsenciens
1087 3936 1286 4021 subscripd.

290 4047 331 4125 ψ
358 4044 426 4125 Ego
442 4043 625 4107 llmrberht
639 4042 705 4105 dux
722 4040 868 4104 consensi
880 4048 913 4104 et
928 4038 1125 4121 subscripsi.

292 4144 332 4222 ›1‹
358 4142 428 4225 Ego
445 4141 592 4206 lleornod
607 4141 673 4204 (lux
685 4139 831 4204 consensi
846 4144 879 4201 et
894 4136 1093 4221 subscripsi.

292 4242 333 4320 ψ
358 4241 428 4324 Ego
444 4239 598 4329 Cechard
613 4238 678 4301 dux
695 4236 841 4301 coriscusi
856 4244 889 4300 et
905 4235 1104 4319 sarbscripsi.

292 4345 332 4423 ›1‹
359 4344 426 4427 Ego
443 4344 603 4426 Cynhehu
620 4342 684 4404 dux
702 4339 847 4405 eorrscmsi
863 4344 897 4402 et·
911 4337 1106 4420 subscripsi.

289 4444 329 4521 ›1‹
356 4444 423 4524 ligo
441 4442 597 4525 llishcuul
613 4441 678 4503 dux
694 4438 841 4503 connsunsi
856 4443 889 4500 et
904 4434 1078 4517 subscripsi
1095 4483 1105 4501 .

290 4543 330 4619 ᾧ
357 4541 424 4623 ligo
441 4539 575 4603 Batia-nd
592 4538 656 4602 dua·
673 4536 820 4602 cura-ensi
836 4543 868 4600 et
884 4533 1059 4615 subscripsi
1076 4584 1083 4596 .
