3816 5258
251 392 313 441 an.
329 375 416 462 749]
484 395 684 445 erasmum
705 395 747 444 ro
768 394 835 444 rur
855 397 1028 446 cuuacuss
1048 397 1091 446 os
1111 397 1242 448 usscra
1379 386 1444 450 255

252 547 400 611 maciam¹
425 549 636 632 plurimorum
658 600 667 627 ,
688 557 723 616 et
747 552 1006 617 machinamenta
1033 551 1259 631 simulationis,
1281 553 1352 619 sine
1377 555 1447 620 ulls

251 650 505 715 consideratione
519 652 651 716 rationis
665 651 843 735 periculose
863 653 1018 736 dissipata
1036 652 1142 717 erent²
1155 703 1164 730 ,
1178 652 1241 717 nisi
1255 654 1447 720 auctoritare

251 745 419 811 literarum
434 798 443 823 ‚
456 755 490 812 et
503 753 696 813 testamento
710 750 991 834 cyrogreplrorum⁸
1003 759 1131 815 oeternae
1146 750 1306 815 memorie
1326 751 1449 816 inserte

252 847 328 912 sint

297 945 498 1028 Quapropter
535 967 593 1031 ego
632 947 902 1013 AEmerarnnoe
935 969 992 1014 rex
1028 949 1225 1014 Marciorum
1253 970 1311 1034 pro
1339 971 1448 1017 amore

254 1040 388 1105 caelestis
403 1043 513 1125 patriae
529 1093 537 1119 ,
551 1051 585 1118 et
598 1045 669 1127 pro‘
684 1045 825 1110 remedio
834 1045 959 1110 animes
980 1067 1060 1110 mes
1074 1097 1083 1123 ,
1096 1045 1168 1111 ‘hoc
1191 1048 1330 1112 maxime
1351 1069 1449 1132 agen·

255 1137 348 1202 dum⁸
365 1159 435 1204 esse
460 1140 606 1223 prrauidi⁷
629 1192 638 1222 ‚
669 1150 707 1206 ut
728 1164 799 1208 eam
823 1140 926 1208 ‘bonis
950 1145 1113 1227 operibus³
1134 1144 1269 1209 liberam
1290 1146 1449 1210 efficerem

255 1236 297 1299 ab
310 1234 470 1302 ”omnibus
488 1239 629 1303 vinculis
643 1239 855 1322 piaculorum⁹
880 1291 888 1305 .
931 1242 1020 1305 Dum
1042 1242 1129 1305 enim
1150 1242 1231 1305 mihi
1246 1243 1450 1326 omnipotens

255 1334 345 1399 Deus
375 1355 432 1417 per
460 1336 711 1400 misericordiam
741 1337 955 1414 clementiae¹⁰,
983 1338 1105 1421 absque
1140 1338 1209 1401 ullo
1241 1339 1451 1402 antecedente

256 1432 369 1496 merito
385 1441 532 1517 ‚sceptra
545 1434 708 1518 regiminis
724 1434 921 1500 honoritice¹¹
935 1436 1069 1518 largitus
1083 1443 1135 1499 est
1148 1486 1156 1511 ‚
1171 1436 1243 1501 ideo
1255 1434 1298 1501 “ei
1310 1435 1452 1502 libenter

255 1537 289 1593 et
303 1529 509 1595 voluntarie¹¹
523 1553 563 1596 ex
577 1553 615 1596 eo
629 1532 716 1616 quod
729 1533 849 1616 *accepi
864 1533 1007 1597 iterum¹⁸
1020 1533 1171 1597 retribuo
1206 1575 1210 1584 ·

300 1627 409 1710 Hujus
423 1628 470 1692 rei
483 1631 586 1713 grstia
599 1630 683 1694 hanc
700 1630 906 1694 donationem
927 1631 997 1694 Deo
1020 1630 1129 1694 teste¹‘
1150 1651 1202 1695 me
1223 1631 1354 1695 vivente
1375 1651 1452 1695 con·

257 1726 335 1790 cedo
349 1776 358 1801 ,
372 1726 436 1790 ut¹⁵
449 1728 641 1792 monasteria
667 1735 701 1792 et
719 1727 928 1792 aecclesiae¹⁶a
943 1726 1082 1811 publicis
1097 1727 1307 1811 vectigalibus
1320 1777 1330 1804 ,
1342 1725 1388 1792 *et
1408 1727 1452 1791 ab

257 1822 406 1888 omnibus
420 1825 569 1908 operibus
586 1824 826 1908 oneribusque¹²
840 1876 849 1901 ,
863 1834 992 1889 auctore
1006 1825 1079 1888 Deo
1094 1876 1103 1901 ,
1117 1825 1291 1889 servientes
1312 1824 1453 1889 absoluti

258 1929 410 1984 maneant
432 1969 441 1996 ,
463 1920 527 1985 nisi
558 1920 625 1985 sola
649 1942 721 2005 quae
736 1921 957 1999 ¹communiter
984 1920 1122 1984 fruenda
1150 1919 1241 1984 sint¹⁸
1265 1971 1274 1996 ,
1299 1921 1452 2003 omnique

259 2015 377 2099 populo
406 2017 511 2081 edicto
539 2016 622 2102 regis
651 2018 796 2082 facienda
828 2019 985 2099 jubentur
1007 2066 1017 2094 ,
1039 2015 1075 2080 id
1110 2024 1161 2082 est
1188 2016 1454 2081 instructionibus

259 2114 408 2197 pontium
430 2164 440 2191 ‚
461 2114 515 2179 rel
540 2117 726 2180 necessariis
750 2116 990 2181 defensionibus
1018 2113 1141 2178 arcium
1169 2121 1279 2179 contra
1306 2113 1416 2180 hostes

260 2231 325 2274 non
348 2219 426 2275 sunt
451 2212 645 2279 renuenda.
689 2213 752 2278 Sed
776 2235 835 2278 nec
856 2213 918 2277 hoc
943 2211 1254 2296 pretermittendum
1278 2218 1328 2276 est
1349 2260 1358 2287 ,
1378 2232 1455 2276 cum

259 2313 475 2377 accesserim
501 2321 627 2379 constat
651 2313 803 2379 ecclesiis
826 2315 890 2378 Dei
912 2337 920 2377 :
941 2314 1019 2397 quia
1040 2312 1267 2377 AEthelbeldus
1288 2332 1346 2376 rex
1367 2362 1377 2389 ,
1397 2333 1457 2396 pro

260 2410 444 2492 expiatione
467 2411 658 2476 delictorum
688 2433 819 2476 suorum
843 2421 877 2476 et
900 2411 1112 2477 retributione
1134 2411 1290 2475 mercedis
1317 2411 1458 2476 aeternil’
1540 2461 1548 2473 .

262 2507 418 2594 famulis²⁰
439 2509 504 2573 Dei
532 2509 694 2594 propriam
720 2508 905 2573 libertatem
932 2509 969 2572 in
997 2508 1156 2572 fructibus
1185 2507 1340 2572 silvarum
1366 2528 1458 2592 agro-

262 2603 443 2688 rumquen,
465 2606 533 2670 sire
565 2607 602 2669 in
632 2607 754 2671 ceteris
787 2606 985 2670 utilitatibus
1017 2605 1190 2669 fluminum
1219 2604 1272 2669 vel
1302 2605 1460 2689 raptura*

262 2703 400 2785 piscium
411 2753 420 2780 ,
430 2702 574 2768 haberet·
582 2704 716 2769 donavit
728 2728 735 2767 ι
746 2713 780 2768 et
791 2711 829 2767 ut
840 2701 1032 2767 munuscula
1047 2702 1088 2765 ab
1099 2701 1250 2766 ecclesiis
1261 2702 1295 2764 in
1307 2701 1458 2768 seculare

263 2800 449 2863 consitium
470 2801 555 2884 regis
568 2801 622 2866 vel
638 2803 821 2885 principum
843 2822 864 2864 a
885 2800 1025 2865 subditis
1039 2799 1173 2863 minime
1188 2799 1357 2882 exigantur
1370 2849 1380 2876 ‚
1393 2800 1460 2864 nisi

264 2921 370 2966 amore
398 2909 433 2966 et
461 2901 630 2967 voluntate
655 2903 841 2986 prrebeutur
863 2924 870 2964 :
893 2900 957 2965 Sed
985 2907 1119 2965 cunctas
1141 2899 1363 2980 tribulationes
1384 2921 1459 2984 quse

264 3018 378 3062 nocere
392 2997 445 3063 vel
466 2998 621 3082 impedire
643 3007 779 3083 possunt
800 2999 834 3062 in
857 2999 952 3062 domo
973 2998 1037 3062 Dei
1059 3046 1069 3073 ‚
1091 2997 1239 3061 omnibus
1259 2997 1460 3080 principibus

265 3095 326 3160 sub
351 3095 420 3178 ejus
445 3103 605 3179 potestate
629 3096 819 3180 degentibus
842 3146 851 3171 ,
874 3095 1043 3159 demittere
1068 3102 1103 3158 et
1131 3093 1255 3158 auferre
1281 3094 1427 3177 precipit
1448 3117 1460 3174 ;

265 3199 425 3277 quatenus
450 3193 632 3258 sublimitas
658 3194 748 3278 regni
773 3195 843 3276 ejus
869 3191 1027 3276 prosperis
1052 3190 1250 3255 successibus
1278 3189 1400 3274 polleat
1421 3192 1459 3256 in

265 3291 360 3356 terris
375 3340 383 3367 ,
397 3298 431 3356 et
444 3291 630 3355 meritorum
647 3290 805 3372 manipuli
822 3289 1045 3374 multipliciter
1055 3293 1275 3351 maturescunt
1288 3287 1324 3350 in
1338 3288 1436 3352 coelis

213 3456 218 3466 ,
311 3389 374 3466 Qui
388 3409 465 3453 vero
479 3388 548 3453 haec
562 3388 702 3471 benigna
716 3388 835 3451 mentis
846 3386 1025 3450 intentione
1036 3392 1135 3468 atque
1146 3383 1257 3449 inlaesa
1267 3384 1461 3468 cogitatione

266 3486 454 3551 custodierit
469 3537 478 3563 ,
491 3492 610 3549 aeterna
625 3485 770 3549 claritate
784 3492 955 3548 coronetur
970 3533 979 3559 ,
991 3492 1124 3545 ornetur
1138 3531 1146 3556 ,
1159 3479 1353 3563 glorificetur
1365 3530 1374 3546 .
1423 3482 1461 3546 Si

267 3588 340 3671 quis
365 3586 425 3650 hoc
448 3637 457 3662 ,
478 3586 565 3669 quod
591 3586 706 3661 absit,
728 3584 901 3667 cujuslibet
925 3603 1068 3668 personae
1091 3584 1259 3666 tyrannica
1281 3583 1461 3667 cupiditate

315 3728 325 3762 ¹
343 3729 541 3789 contumetiam,
554 3727 586 3778 Β.
748 3729 761 3762 2
775 3728 945 3793 Dissipentur,
959 3726 991 3777 Β.
1003 3725 1038 3778 0.
1053 3725 1088 3777 0.
1215 3725 1228 3758 ⁸
1243 3728 1365 3794 Cbboa,
1375 3727 1411 3780 0.
1425 3728 1461 3782 0.

268 3810 280 3841 ⁴
295 3810 406 3868 Etbclb..
422 3807 454 3858 Β.
469 3806 514 3866 os
532 3808 650 3869 AEunn,
661 3806 698 3859 0.
777 3808 790 3841 ⁸
806 3809 864 3869 Pro,
875 3808 991 3869 omitted,
1005 3806 1038 3857 Β.
1052 3805 1087 3856 0.
1168 3805 1180 3839 ⁸
1194 3807 1364 3871 studendum,
1377 3807 1410 3859 Β.
1424 3808 1460 3860 0.

266 3889 405 3949 Ῥιοιίἀί,
419 3886 464 3946 Β.;
480 3888 658 3951 mnmwidi,
672 3885 706 3938 0.
804 3885 1051 3950 'Perbonsopcrn
1065 3885 1098 3936 Β.
1113 3883 1148 3935 0.
1244 3885 1462 3939 ’Omnisinculo

268 3976 437 4036 peecatorum,
452 3966 497 4028 Β.;
512 3982 566 4016 cer.
578 3969 739 4028 delictorum,
752 3964 788 4017 0.
895 3965 918 3999 ⁸⁰
932 3967 999 4028 Suu,
1010 3967 1101 4027 added,
1115 3964 1148 4016 Β.
1162 3963 1197 4016 0.
1298 3964 1319 4000 ¹¹
1336 3967 1462 4032 Boeotii,

268 4050 385 4109 omitted,
399 4046 431 4097 Β.
445 4045 480 4098 0.
577 4045 599 4080 ¹¹
616 4048 779 4104 ln’benterci.
793 4044 825 4096 Β.
840 4044 874 4096 0.
971 4043 993 4077 ¹⁸
1009 4046 1097 4102 Dedit,
1106 4044 1139 4095 Β.
1153 4043 1188 4096 0.
1282 4044 1306 4079 ⁸⁴
1320 4048 1461 4110 necteres,

266 4130 383 4189 omitted,
397 4127 429 4178 Β.
443 4125 478 4177 0.
608 4127 629 4159 ¹⁸
645 4128 745 4188 Omnia,
756 4127 848 4187 added,
861 4124 894 4175 Β.
908 4122 942 4175 0.
1076 4124 1099 4156 ¹⁸
1115 4125 1195 4189 segni
1206 4124 1263 4185 mei,
1273 4126 1364 4188 sdded,
1377 4126 1409 4177 Β.
1423 4126 1460 4178 0.

269 4210 289 4246 ¹²
302 4212 337 4260 Et
348 4226 415 4272 oper.
426 4215 454 4256 et
464 4223 541 4267 ouer„
555 4206 586 4257 Β.
602 4205 636 4257 0.
703 4205 723 4239 ¹⁸
734 4208 810 4266 Sunt,
822 4203 857 4256 Ο.
923 4204 944 4236 ¹’
956 4206 1076 4264 AEternae,
1088 4202 1124 4255 0.
1188 4203 1210 4235 ¹⁹
1221 4206 1330 4254 Auctore
1341 4206 1460 4258 Deo......

269 4291 380 4349 inmotis,
400 4286 433 4336 Α.
453 4285 500 4345 0.;
516 4288 696 4346 ahmiu-sutum
712 4286 761 4335 nisi
779 4285 990 4334 instructiombus
1007 4285 1104 4333 arcium
1121 4284 1161 4332 rel
1180 4284 1305 4347 pontium,
1321 4301 1379 4348 qua
1395 4288 1463 4337 nuffi

269 4387 383 4435 unquam
395 4368 501 4417 tenuari
512 4375 619 4432 {munt
634 4404 641 4417 .
659 4368 783 4416 l'raeteres
795 4366 905 4414 heberent
916 4366 1014 4424 tantuli,
1027 4362 1059 4413 Β.
1074 4361 1109 4414 0.
1221 4362 1242 4394 '¹
1260 4364 1294 4412 Et
1304 4380 1365 4427 agr..
1378 4363 1411 4414 Β.
1425 4364 1461 4417 0.

269 4451 291 4485 ¹³
306 4453 366 4502 Sive
368 4485 428 4500 ......
431 4454 543 4512 raptura,
555 4446 588 4497 Α.
601 4445 649 4506 0.;
665 4454 692 4495 et
703 4447 853 4508 inceptura,
867 4443 899 4494 Β.
909 4441 943 4494 0.
1009 4443 1030 4474 ²
1047 4444 1146 4492 uetere
1148 4478 1207 4492 ......
1209 4443 1292 4491 totbc
1303 4443 1462 4506 mdkssg

270 4535 312 4585 iot
328 4532 381 4581 this
402 4529 435 4580 Β.
457 4526 491 4577 0.
511 4527 691 4578 rcadz-“Ncc
710 4526 862 4575 munuscula
881 4525 921 4574 rel
938 4525 991 4588 regi
1010 4524 1051 4574 rel
1068 4523 1224 4586 prmeiprtcr
1244 4525 1372 4587 prnbunt
1387 4560 1395 4576 .
1411 4527 1463 4578 nin·

271 4613 415 4666 relucteris
425 4613 433 4655 l
447 4611 492 4660 scd
504 4611 575 4660 liberi
587 4609 642 4659 Deo
652 4610 764 4658 ren'hnt
774 4643 783 4661 .
793 4613 821 4656 ct
831 4607 945 4668 md,
955 4605 1006 4654 aad
1017 4605 1067 4653 nd
1077 4604 1147 4654 tisun
1160 4668 1168 4676 ·
