3816 5258
338 410 401 461 ao.
415 394 504 480 789.]
750 415 833 463 orm
853 416 896 465 ro
916 350 1122 467 namucno.
1155 360 1158 367 Ι
1243 419 1262 437 -·
1471 402 1537 467 355

342 567 481 631 antistiti
505 575 542 631 ut
567 568 738 651 diligenter
761 570 934 655 postulasti
958 571 1102 656 aliquam
1126 569 1322 655 particulam
1343 576 1435 635 terrae
1453 570 1538 654 juris

342 666 406 729 mei
417 665 451 729 id
462 672 512 731 est
522 667 614 750 quasi
627 669 725 733 unius
739 676 772 733 et
787 670 884 734 semis
894 671 999 755 jugeri
1015 672 1050 735 in
1065 670 1199 735 cisitate
1210 670 1323 733 Ηιιοιι
1335 668 1376 732 ad
1387 672 1552 752 augmen-⁸

342 770 414 826 turn
436 766 621 828 monasterii
636 766 685 830 tui
701 768 897 832 aeternaliter
910 768 1140 852 possidendam
1165 766 1329 832 concedo.
1345 786 1383 830 ac
1397 766 1543 831 decenno

343 880 416 923 cum
432 862 579 924 omnibus
593 863 717 928 scilicet
727 864 768 927 ad
779 885 850 929 eam
865 866 1102 948 pcrtinentibus
1116 866 1215 929 rebus
1229 915 1238 931 .
1253 864 1336 928 Haec
1350 870 1461 928 autem
1475 870 1541 927 tor·

242 1020 245 1026 .
342 956 414 1021 rulo
436 960 476 1021 ab
497 958 671 1041 aquilonali
686 969 720 1025 et
734 962 776 1024 ab
790 963 913 1026 oriente
929 962 1071 1026 civitatis
1083 963 1172 1045 jacet
1189 1010 1198 1026 .
1213 969 1247 1026 et
1262 961 1419 1045 pertingit
1438 980 1542 1043 usque

342 1060 384 1123 ad
405 1063 686 1144 septentrionalem
701 1084 830 1126 murum
852 1065 993 1146 praefatae
1014 1065 1156 1128 civitatis
1171 1064 1258 1127 intra
1273 1074 1375 1128 terras
1389 1062 1543 1127 videlicet
1581 1080 1584 1087 '
1615 1147 1618 1151 ¹

344 1178 424 1240 quus
438 1167 532 1224 antea
546 1160 586 1223 ab
601 1160 723 1224 oriente
737 1170 772 1224 et
784 1161 948 1226 occidente
962 1162 1134 1244 possedisti
1145 1212 1154 1226 .
1165 1170 1200 1226 et
1215 1161 1288 1225 ideo
1302 1161 1373 1225 haec
1387 1160 1449 1225 tibi
1462 1159 1543 1225 satis

343 1256 511 1321 accomoda
524 1259 601 1341 quia
614 1258 649 1321 in
663 1258 770 1322 modio
779 1259 908 1340 jacebat
922 1308 939 1322 ..
994 1289 997 1295 ·

366 1436 369 1443 ⁴
390 1358 424 1421 Si
439 1360 511 1441 quis
531 1370 639 1424 autem
665 1369 778 1428 oontra
798 1360 882 1423 hanc
898 1359 1104 1424 donationem
1119 1380 1227 1424 meam
1240 1358 1415 1443 aliquando
1430 1358 1543 1432 renim
1659 1434 1662 1439 ¹

344 1455 455 1519 invido
475 1457 688 1541 malivoloque
710 1458 819 1522 animo
840 1459 1047 1541 temptaverit
1059 1463 1067 1517 t
1080 1458 1124 1522 sit
1144 1459 1180 1521 in
1202 1457 1354 1541 paesenti
1376 1464 1544 1539 separatus

347 1556 603 1620 acommunione
627 1565 745 1620 sanctie
769 1555 920 1619 acclesiae
945 1554 1067 1618 Christi
1092 1557 1186 1619 etin
1213 1555 1323 1618 tuturo
1347 1542 1545 1617 a'socistatc
1617 1598 1620 1603 -

347 1658 528 1715 sanctorum
551 1654 695 1716 omnium
710 1662 893 1737 segregatus
908 1704 916 1716 .
931 1653 1121 1716 Manentem
1136 1652 1224 1716 hanc
1237 1650 1413 1715 kartulam¹
1427 1652 1462 1715 in
1484 1670 1545 1715 suu

348 1768 474 1831 semper
488 1750 638 1815 firmitate
651 1751 744 1834 signo
758 1751 926 1815 dominio-o
941 1750 1045 1814 crucis
1068 1749 1216 1813 roborati
1230 1798 1239 1813 .
1251 1758 1285 1813 et
1299 1748 1431 1813 idoneos
1444 1748 1547 1813 testes

349 1853 387 1908 ut
401 1852 435 1909 et
449 1847 482 1910 id
496 1848 602 1930 ipsum
618 1848 759 1911 iacerent
778 1847 912 1911 adhibui
926 1896 934 1911 .

392 1944 512 2008 Actum
543 1966 627 2008 anno
660 1945 827 2010 dominico
852 1944 1111 2009 incarnationis.
1135 1957 1351 2006 Dceuxmx.
1367 1939 1548 2005 indictione

350 2088 358 2102 .
374 2056 422 2103 ΧΠ
438 2091 444 2104 .
460 2041 494 2104 in
509 2041 578 2105 loco
592 2042 648 2105 ubi
663 2043 849 2105 nominatur
863 2040 1021 2125 Celchyth
1036 2090 1045 2105 .

462 2252 464 2256 -
481 2210 520 2290 ᾧ
545 2209 611 2293 Ego
627 2209 699 2274 offa
714 2229 770 2272 rox
786 2208 981 2272 Marciorum
995 2206 1079 2271 hanc
1094 2205 1304 2270 donationem
1326 2224 1433 2269 meam
1454 2203 1548 2287 signo

609 2317 727 2374 sanctae
742 2310 846 2374 crucis
859 2309 1005 2373 roboravi
1022 2356 1032 2375 .

482 2410 521 2488 ›1‹
545 2407 612 2490 Ego
627 2407 758 2491 Ecgsrid
772 2428 829 2471 rex
844 2407 989 2470 consensi
1003 2414 1038 2470 et
1052 2404 1230 2487 subscripsi
1244 2452 1254 2469 .

482 2511 522 2591 ᾖ
546 2509 613 2592 Ego
629 2508 843 2573 Iaenberhtus
856 2509 958 2591 gratia
980 2507 1043 2571 Dei
1065 2506 1326 2589 archiepiscopus
1346 2502 1552 2569 consentiens

609 2606 809 2688 subscripsi.

488 2705 527 2783 ›1‹
551 2704 618 2785 Ego
633 2704 824 2785 Hygeberht
841 2701 1101 2786 archiepiscopus
1115 2699 1290 2783 subscripsi
1305 2749 1314 2765 .

490 2804 529 2882 ›1‹
552 2800 619 2884 Ego
635 2800 789 2865 Ceoluult
802 2802 971 2885 episcopus
985 2801 1183 2883 subscripsi.

486 2905 527 2982 ᾧ
549 2901 615 2983 Ego
632 2901 800 2966 Heardred
813 2902 981 2985 episcopus
996 2899 1195 2982 subscripsi.

488 3002 527 3080 ›1‹
550 3000 616 3082 Ego
633 3001 797 3064 L'nuuona
811 3001 978 3083 episcopus
993 2999 1168 3081 subscripsi
1183 3050 1193 3063 .

488 3100 527 3178 ›1‹
549 3097 616 3179 Ego
632 3097 817 3178 Cpnebcrht
831 3098 999 3180 episcopus
1014 3093 1214 3177 subscripsi.

489 3197 528 3275 ›1‹
552 3196 619 3278 Ego
634 3195 799 3278 Algheard
814 3196 982 3278 opiscopus
997 3191 1192 3276 subscripsi.

488 3294 528 3374 ᾧ
551 3294 618 3377 Ego
631 3292 842 3357 i'rraermnnd
857 3294 1025 3377 episcopus
1039 3291 1238 3374 subscripsi.
1359 3306 1362 3311 '

488 3394 527 3471 ᾧ
552 3392 620 3473 Ego
637 3391 762 3474 Eadgar
776 3391 945 3473 episcopus
966 3389 1165 3471 subscripsi.

489 3491 527 3568 ›1‹
554 3489 621 3571 Ego
639 3488 840 3551 t'uoohthun
856 3489 1025 3571 episcopus
1039 3486 1238 3569 subscripsi.

491 3589 530 3667 ›1‹
557 3586 692 3667 Signum
707 3606 822 3649 manus
835 3585 1031 3648 Ealhmundi
1045 3584 1194 3647 ablutis.

490 3686 529 3763 ᾧ
554 3684 687 3765 Signum
702 3702 818 3745 manus
834 3683 987 3745 Beonnan
1001 3680 1150 3743 abbatis.

465 3832 468 3836 ,
491 3783 530 3860 ux«
555 3780 688 3861 Signum
703 3799 818 3842 manus
834 3779 998 3843 Brordani

494 3880 533 3958 ›1‹
557 3877 691 3959 Signum
706 3897 821 3939 manus
836 3876 1071 3940 Berhtuualdi.
1187 3869 1194 3880 ⁹

495 3978 533 4055 ›1‹
558 3975 692 4056 Signum
707 3993 823 4036 manus
837 3973 1043 4037 AEailhardi.

494 4076 533 4153 ᾧ
557 4073 692 4155 Signum
703 4092 818 4133 manus
834 4070 1022 4154 t'uigcgan¹.

496 4173 535 4250 ᾧ
559 4171 692 4251 Signum
709 4190 824 4232 uranus
839 4167 1051 4233 Ceolmundi.
1104 4206 1110 4215 ·

497 4271 535 4348 ›1‹
559 4268 691 4350 Signum
709 4288 823 4330 rnanus
838 4266 1049 4331 Ceolheardi.

496 4368 535 4445 ᾧ
559 4366 693 4447 Signum
709 4384 824 4426 manus
839 4363 1014 4428 Eadbaidi.

496 4466 534 4543 ›1‹
564 4463 698 4544 Signmn
714 4482 831 4524 manus
845 4460 1026 4524 Forbredi.
