3816 5258
222 370 225 375 -
252 344 317 393 au.
332 327 423 413 814]
610 360 614 365 ·
648 346 825 397 commune
844 347 888 397 ro
910 348 1073 403 weram

253 697 326 762 348.
350 697 456 763 Graio
476 699 516 782 by
539 699 703 783 Ooorrurls,
717 700 809 783 1an
830 701 871 785 os
885 702 936 765 tiro
956 701 1127 781 Marcione,
1140 710 1173 769 to
1197 702 1346 789 ΝΜ
1357 702 1466 769 Aret·

383 796 490 881 camp
504 798 545 881 os
562 797 767 881 caturam,
781 800 957 882 aalma
973 800 1089 885 rreum
1104 800 1312 880 mmmm
1326 800 1466 885 mata.
1538 802 1545 893 ζ
1568 886 1571 891 ,
1653 762 1673 829 ’·

383 894 424 956 a
459 894 509 957 m
552 893 817 959 arcanarum
851 896 988 973 amaa,
1011 918 1049 961 or
1092 898 1271 979 tramea
1296 918 1338 965 a
1366 898 1464 964 reae
1544 894 1557 909 ”

385 991 464 1055 nott
477 992 655 1069 November,
669 1008 733 1056 mn.
749 993 823 1056 814.

300 1125 560 1209 ›1⁴1unomine
585 1127 690 1192 sancti
719 1127 891 1193 salvatoris
920 1129 985 1194 Dei
1012 1136 1048 1194 at
1076 1129 1203 1195 domini
1230 1129 1334 1195 nostri
1357 1128 1466 1197 Jhoen
1575 1126 1580 1133 ’

256 1224 378 1289 Christi
406 1231 562 1308 regnante
590 1246 628 1289 ac
656 1226 858 1310 gubernante
881 1226 994 1292 eodem
1018 1227 1150 1293 domino
1171 1228 1280 1294 Jhasn
1301 1228 1467 1315 simulque
1502 1314 1506 1319 Ι

256 1324 373 1408 spiritu
388 1324 507 1387 Sancto
521 1324 742 1407 gubernacula
755 1325 790 1388 in
805 1325 880 1389 imis
894 1332 930 1389 et
944 1325 979 1389 in
994 1325 1106 1392 arduis
1121 1325 1323 1411 disponendo
1341 1326 1467 1413 ubique

255 1422 338 1505 regit
366 1421 442 1486 lioet
472 1443 577 1486 sermo
606 1423 803 1506 sapientium
833 1424 1070 1509 consiliumque
1098 1425 1311 1509 prudentium
1338 1422 1468 1493 iuben

257 1527 447 1605 permaneat
474 1528 585 1584 tamen
616 1522 658 1585 ob
687 1522 919 1587 incertitudine
948 1523 1177 1608 temporalium
1205 1543 1316 1589 rarum
1343 1522 1468 1589 divini·
1546 1520 1551 1527 ’

258 1619 447 1683 numinibus
462 1620 640 1684 muniendo
654 1620 907 1703 praescrutando
923 1640 981 1703 pro
995 1621 1116 1705 ignotis
1129 1629 1165 1687 et
1185 1620 1320 1687 incertis
1340 1620 1469 1689 meum

258 1716 453 1782 stabilienda
468 1717 712 1801 roborandaque
726 1719 762 1781 in
776 1719 848 1783 Deo
863 1719 939 1782 sivo
954 1727 1080 1807 atvero
1093 1723 1196 1784 sunt.
1267 1800 1270 1805 Ι

302 1816 508 1899 Quapropter
532 1836 592 1899 ego
616 1815 853 1880 eona-murae
877 1816 982 1901 gratia
1006 1816 1070 1881 Dei
1096 1836 1156 1880 rex
1178 1816 1377 1881 Marciorum
1397 1816 1471 1881 rim

259 1912 441 1979 venerando
463 1913 625 1997 mihiqua²
638 1914 673 1977 in
701 1914 824 1979 Cluisti
847 1915 982 1979 caritate
1005 1934 1133 1978 summo
1157 1914 1355 1998 pontificalis
1377 1914 1486 1999 apiae'

258 2015 407 2081 decorato
437 2015 621 2080 coiranno
652 2015 893 2101 archiepiscopo
914 2015 1125 2081 dilectissimo
1153 2013 1239 2079 dabo
1266 2023 1303 2081 et
1330 2016 1472 2083 conoodo

259 2114 402 2199 aliquam
417 2124 543 2199 partem
558 2114 677 2178 terme³
684 2116 769 2197 juris
783 2114 848 2179 mei
862 2134 945 2197 quae
960 2114 1042 2177 mihi
1055 2112 1166 2198 largas
1175 2113 1312 2199 largitor
1324 2114 1473 2179 omnium

259 2214 417 2278 bonorum
432 2215 523 2277 Deus
547 2213 666 2277 donare
681 2213 900 2297 dignatusest
921 2233 979 2297 pro
993 2214 1111 2277 intimo
1132 2212 1279 2277 cantetis
1299 2212 1421 2279 affectu
1433 2220 1475 2279 ut

260 2315 425 2401 apostolus
439 2317 487 2379 ait
501 2322 517 2347 “
529 2315 679 2378 hilarem⁸
693 2316 780 2380 enim
797 2314 943 2379 datorem
958 2314 1067 2399 diligit
1080 2314 1209 2379 Deus”.
1223 2334 1282 2379 eeu
1301 2314 1401 2379 etiam
1414 2334 1475 2399 pro
1561 2342 1565 2349 ¹

261 2413 429 2480 commodo
449 2413 603 2497 pecunio⁵
624 2413 717 2477 illius
738 2413 800 2477 hoo
822 2420 873 2478 ast
892 2462 901 2477 .
919 2429 969 2477 m
991 2464 999 2478 .
1021 2413 1121 2478 libras
1142 2411 1215 2477 auri
1236 2419 1272 2477 et
1291 2412 1418 2497 argenti
1437 2412 1495 2479 in.

261 2514 427 2598 provincia
440 2512 591 2577 Cantiae⁶
604 2520 724 2577 terram
739 2512 837 2576 unius
856 2512 957 2576 aratri
977 2512 1012 2575 in
1033 2512 1106 2577 loco
1126 2520 1161 2577 ct
1183 2511 1219 2576 in
1240 2511 1370 2597 κςίοιιο
1391 2530 1477 2596 queo
1575 2518 1583 2529 '

262 2613 381 2676 dicitur
394 2619 506 2697 pestau
521 2610 616 2696 pidde
638 2611 695 2674 ubi
711 2611 897 2673 nominatur
911 2610 1105 2676 (limones
1120 2624 1189 2674 coh
1209 2624 1299 2673 wrm
1317 2628 1393 2675 oum
1407 2606 1478 2673 suin
1582 2676 1586 2681 ,

263 2711 424 2793 contiguis
438 2709 633 2773 torminibus
649 2729 734 2792 quaa
756 2710 818 2772 rite
840 2717 873 2773 et
895 2716 982 2773 recte
1000 2708 1070 2794 jam
1091 2708 1172 2772 olim
1192 2706 1235 2772 nd
1249 2706 1342 2771 illam
1355 2714 1478 2773 terrem

262 2808 473 2894 pertinebant
493 2809 528 2871 id
551 2816 601 2871 est
623 2808 665 2871 ab
686 2808 811 2871 oriente
832 2808 947 2891 grafan
972 2807 1034 2872 eah
1056 2813 1090 2873 et
1111 2807 1154 2871 ab
1174 2804 1344 2871 meinana
1370 2826 1477 2871 unm
1550 2814 1560 2821 .,
1595 2790 1598 2795 -
1691 2782 1713 2793 ..

263 2911 396 2977 iretum⁷
417 2911 475 2995 qui
496 2911 685 2973 nominatur
706 2916 816 2973 nostra
838 2909 967 2993 propria
988 2909 1102 2994 lingua
1121 2928 1231 2973 meare
1252 2907 1330 2973 lleot
1351 2924 1372 2989 7
1394 2906 1478 2973 aele-

264 3010 446 3092 berhtincg⁸
459 3009 537 3073 lond
560 3016 594 3074 et
614 3010 656 3072 ab
678 3019 788 3072 austro
810 2998 910 3073 strata
933 3008 1070 3092 antiqua
1083 3029 1167 3092 qnae
1186 3007 1276 3090 jacet
1289 3006 1332 3071 ed
1345 3014 1479 3091 portum

265 3130 336 3192 quae
358 3108 478 3172 dicitur
507 3106 651 3189 oillincg⁹
672 3116 707 3171 et
728 3106 791 3169 hoc
820 3113 964 3169 aratrum
993 3125 1069 3169 cnm
1099 3105 1252 3170 omnibus
1280 3102 1479 3171 otannlibm
1513 3176 1519 3197 Ι

265 3208 357 3271 bonis
372 3206 414 3270 ad
428 3207 630 3269 mansionem
645 3227 688 3269 on
703 3205 816 3289 grafan
832 3203 904 3268 aee¹⁰
919 3204 1128 3269 aeternaliter
1140 3222 1332 3268 conoessum
1344 3208 1420 3268 est.
1473 3232 1476 3239 ·

309 3306 448 3389 iusuper
477 3306 576 3369 etiam
606 3305 771 3389 praefatae
797 3304 1013 3369 concessionis
1037 3303 1219 3368 honorabili
1244 3302 1395 3387 episcopo
1418 3320 1481 3387 ego

267 3402 442 3467 Coennuli¹
458 3424 514 3467 rex
530 3409 678 3467 aeternae
693 3403 856 3466 libertatis
870 3402 1149 3466 confirmationem
1164 3401 1200 3465 in
1219 3400 1352 3465 domino
1370 3398 1480 3467 dham

223 3515 226 3521 ’
266 3501 422 3566 salvatore
438 3509 547 3565 nostro
562 3500 705 3563 liberabo
722 3510 757 3563 ut
774 3521 862 3564 nunc
876 3512 910 3565 et-
924 3499 1076 3584 deinceps
1091 3500 1133 3565 ab
1143 3500 1235 3563 omni
1242 3499 1279 3563 vl
1293 3496 1481 3563 saaeacnla‘ri¹²

267 3600 432 3663 servitutis
447 3600 496 3662 tui
512 3599 634 3661 dicioni
649 3598 816 3680 subjaceat
830 3606 864 3662 et
883 3599 972 3661 omni
992 3619 1072 3663 sexu
1092 3596 1259 3662 humanae
1278 3594 1482 3663 condicionis
1544 3604 1556 3623 '

266 3699 479 3761 saecularium
515 3695 677 3779 gradum¹²
707 3716 765 3761 seu
794 3696 1086 3761 ecclesiastimrum
1121 3695 1277 3760 ordinum
1306 3694 1395 3759 notia
1423 3693 1481 3760 val
1531 3686 1543 3697 ’

268 3795 387 3875 ignotis
402 3796 511 3879 parvis
527 3794 579 3857 vel
602 3794 729 3877 magnis
752 3795 929 3877 praesentis
951 3804 985 3858 et
1007 3795 1128 3858 suturis
1149 3792 1280 3857 sioutd
1301 3790 1483 3877 primordio

270 3893 472 3957 Christianae
486 3892 652 3975 religionis
667 3893 843 3956 territorias
857 3900 891 3956 et
913 3893 1058 3976 proprias
1072 3893 1294 3976 possessiones
1308 3888 1483 3955 orthodoxi
1582 3918 1588 3929 ·

269 4000 302 4053 et
316 3991 436 4054 cruditi
449 3991 512 4054 viri
527 3998 714 4054 statuerunt
736 3996 768 4053 et
791 3998 865 4073 post
887 3991 951 4053 ea¹⁸
965 3991 1178 4055 firmaverunt
1199 3990 1247 4053 ita
1271 3989 1307 4052 in
1330 3988 1483 4053 omm'bne
1575 4056 1578 4061 ,
1655 4060 1663 4067 ,

269 4089 390 4153 inlaesa
419 4099 453 4153 et
482 4090 674 4152 inconcussa
704 4096 893 4171 permaneat
923 4089 986 4152 nisi
1015 4088 1093 4153 his¹⁴
1120 4087 1226 4152 tribus
1254 4084 1484 4151 tautummodo

271 4189 375 4251 causis
390 4187 424 4250 id
439 4194 489 4251 est
503 4186 744 4270 expeditionem
760 4196 793 4250 et
809 4187 891 4250 arcis
909 4186 1123 4250 munitionem
1146 4192 1261 4248 eontra
1282 4204 1428 4269 paganos
1448 4189 1486 4249 et

270 4287 378 4369 pontis
393 4286 639 4351 instructionem
655 4287 872 4348 conruunriter
880 4286 962 4349 sicut
976 4294 1045 4348 tota
1055 4304 1134 4368 gens
1142 4283 1201 4347 illa
1213 4282 1254 4348 de
1266 4282 1334 4347 suia
1345 4282 1488 4369 propriis

320 4452 473 4517 ’Coenum
487 4453 521 4503 Β.
645 4450 813 4516 'michique
826 4451 858 4501 Β.
990 4450 1107 4515 ¹r⁰.p·..
1120 4449 1155 4502 Β.
1287 4446 1487 4510 ¹20«.le

273 4534 284 4562 ⁵
300 4536 379 4596 Peon„
393 4536 425 4585 Β.
523 4536 535 4566 ⁸
552 4535 657 4594 Kaneic,
672 4532 704 4582 Β.
793 4532 804 4564 ⁷
822 4535 929 4593 P'cunn,
943 4532 974 4583 Β.
1062 4540 1074 4561 '⁸
1090 4535 1168 4597 ·ting,
1185 4532 1219 4582 Β.
1302 4532 1314 4564 ¹*
1333 4530 1440 4593 filling,
1452 4526 1489 4580 Β.

274 4613 294 4646 ¹⁸
311 4616 358 4677 Pa,
371 4615 404 4666 Β.
508 4616 527 4647 ¹¹
550 4618 604 4678 ris,
618 4613 651 4664 Β.
751 4613 773 4644 ¹²
789 4616 892 4671 duum,
906 4614 939 4665 Β.
1038 4612 1060 4645 ¹⁸
1077 4616 1179 4676 Poetae,
1193 4612 1226 4664 Β.
1324 4610 1346 4643 ¹⁴
1361 4611 1428 4671 Biia,
1439 4607 1476 4661 Β.
