3676 5294
289 359 354 409 un.
371 339 462 423 804]
736 344 915 409 nesusrc’s
935 357 1070 409 rsrsrs
1431 342 1497 409 439
1563 354 1585 379 ··

292 514 416 579 <liutius
438 511 524 575 risit
540 532 636 595 pram
650 534 708 598 ego
723 565 730 580 .
746 522 867 580 terrum
877 514 982 579 illam¹
996 522 1040 580 ret
1054 514 1133 599 Vest
1145 521 1326 599 mynster]
1341 520 1384 581 ret
1402 514 1496 581 Stooe
1511 520 1514 529 '

293 622 331 677 ut
353 610 471 673 bubcst
494 629 586 672 suurn
601 611 700 675 die1u²
722 621 755 677 et
774 622 885 696 postca
906 613 1020 678 reddat
1040 614 1081 677 sd
1103 612 1358 697 Vcogorneuscm
1376 612 1496 679 secele-

294 710 375 774 sinui
389 758 397 772 .
443 708 506 769 Pro
521 728 585 790 qun
599 708 634 772 re
649 730 687 772 eu
701 710 833 774 vivente
847 718 886 774 ut
900 711 946 775 ibi
960 711 1080 776 lrabeat
1092 712 1325 795 protectionem
1339 720 1374 777 et
1386 710 1497 777 deren·

294 808 418 873 sioueru
444 815 555 868 coutru
583 806 763 889 Bcrciiuga⁸
788 810 1025 874 contentione.
1084 810 1127 873 Et
1151 809 1179 872 si
1201 809 1320 893 aliquis
1342 808 1439 874 homo
1459 808 1496 873 in

294 906 403 988 aliqua
426 904 633 967 contentione
652 906 873 986 jurameutum
896 908 925 971 ei
948 907 1127 971 decreverit
1147 913 1259 970 coutru
1280 906 1496 991 Berciingcs.

296 1001 460 1065 liberrima
486 1002 548 1063 erit
574 1000 615 1063 ucl
640 1001 839 1066 reddendum
868 1024 943 1067 cunr
972 1013 1059 1068 recto
1088 1003 1221 1069 consilio
1244 1004 1497 1088 pmpinquorum
1530 1022 1533 1029 ·

297 1120 441 1165 rueoruru
458 1147 466 1162 .
482 1098 540 1180 qui
555 1098 635 1160 mibi
651 1098 814 1163 donabunt
829 1101 1054 1165 hereditatem⁴
1069 1112 1103 1165 et-
1117 1120 1188 1165 nreo
1202 1122 1268 1185 quo
1281 1102 1313 1167 ei
1329 1102 1413 1167 dsbo
1433 1151 1442 1167 .
1463 1108 1498 1167 et

297 1200 325 1263 si
355 1218 420 1260 nou
450 1196 570 1259 babeat
596 1197 810 1279 patrocinium
837 1199 871 1260 iu
901 1199 1033 1263 civitate
1061 1199 1275 1283 Veogorucnsi
1302 1248 1310 1265 .
1353 1200 1433 1264 Post
1462 1218 1501 1264 eo
1559 1230 1562 1235 ·

296 1296 437 1381 primunr
459 1304 584 1377 querat
606 1294 646 1357 ud
669 1295 944 1379 archiepiscopum
960 1298 994 1359 in
1010 1298 1125 1362 Contio
1140 1304 1174 1360 et
1188 1298 1216 1361 si
1230 1297 1277 1361 ibi
1298 1318 1364 1362 non
1378 1297 1498 1362 habeut

299 1394 343 1457 sit
367 1394 470 1457 libera
499 1413 574 1454 curu
604 1392 694 1455 libris
724 1401 757 1455 et
786 1394 883 1457 ruris⁶
913 1395 954 1457 ud
983 1393 1183 1477 eteganuaurt
1207 1396 1419 1478 patrocinium
1441 1393 1525 1459 ubi·

299 1492 456 1576 placitum
473 1490 536 1553 sibi
552 1490 670 1553 suerit.
717 1491 752 1553 Si
767 1491 861 1555 aliter
874 1478 932 1555 tint
946 1500 983 1556 ut
999 1514 1064 1555 non
1078 1502 1154 1575 opto
1168 1490 1286 1576 aliquis
1304 1493 1401 1557 bomo
1423 1512 1500 1557 con-
1576 1562 1579 1567 ,

300 1591 414 1654 tendat
439 1596 551 1651 osutra
578 1588 677 1650 lituos
703 1610 793 1653 rucos
818 1590 870 1653 vel
896 1590 1111 1653 beredituteru
1136 1590 1268 1673 indigns
1292 1598 1372 1654 tuno
1399 1588 1501 1654 habet

299 1687 487 1773 Alcipulsus⁷
513 1685 681 1768 episcopus
707 1687 752 1759 iu,
768 1688 957 1751 Licctieldo⁸
983 1687 1077 1751 istius
1102 1687 1232 1751 cartulis
1257 1706 1439 1771 comparent
1464 1694 1500 1751 ot
1604 1728 1607 1735 ·

300 1786 409 1849 uruici⁹
433 1784 604 1849 secessurii
631 1785 695 1847 urci
720 1792 754 1848 et
777 1786 957 1849 ficietissuui
984 1786 1064 1849 ulios
1088 1834 1097 1848 .
1123 1785 1157 1848 iu
1181 1792 1231 1849 est
1256 1835 1264 1848 .
1287 1782 1501 1867 Psdupb'et

302 1883 485 1965 Enciguriug
499 1931 506 1943 .
522 1902 541 1962 ]
558 1881 746 1946 AEeeltrehss
763 1883 888 1967 Esuiug
903 1935 911 1948 .
926 1884 967 1947 sd
983 1883 1256 1947 confirmationem
1270 1881 1368 1965 hujus
1382 1882 1430 1947 rei
1441 1882 1467 1945 .”

338 1982 435 2063 Rogo
450 1980 548 2045 etioru
565 1980 710 2050 AEbeisic
724 2001 782 2063 pro
804 2002 911 2045 cruore
933 1980 1164 2064 omnipotentis
1185 1980 1248 2043 Dei
1270 2028 1278 2043 .
1300 1988 1333 2044 et
1355 1976 1504 2061 praecipio
1538 2050 1541 2057 .

302 2092 336 2147 et
350 2083 481 2145 obsecro
497 2102 554 2164 per
577 2102 688 2145 oruues
711 2082 846 2146 virtutos
870 2081 1025 2145 coeloruur
1047 2130 1056 2146 .
1101 2080 1150 2144 Ut
1171 2078 1281 2143 nullus
1302 2078 1398 2143 homo
1418 2077 1504 2141 hauc

303 2180 497 2267 positionem
512 2181 617 2242 crucis
633 2179 776 2243 Christi.
793 2200 865 2262 quse
880 2186 1046 2242 tantorum
1059 2176 1202 2241 virorum
1224 2175 1408 2241 testimonio
1429 2194 1505 2238 oon·

215 2353 221 2366 ·
303 2282 430 2342 finrruta
444 2286 495 2341 cst
509 2327 516 2342 .
532 2299 597 2340 uou
613 2286 787 2361 pnesumut
803 2279 970 2342 ruiuuerc.
1016 2277 1050 2338 Si
1065 2296 1162 2340 susus
1183 2284 1234 2339 est
1254 2274 1372 2358 aliquis
1392 2272 1521 2341 confisa

304 2379 480 2442 niatioueru
496 2377 592 2439 istoru
608 2376 783 2459 iufringere
799 2424 806 2439 .
822 2376 975 2439 deletur-¹2
990 2375 1030 2438 de
1051 2374 1147 2438 laude
1169 2374 1255 2437 Dei.
1277 2373 1304 2436 si
1327 2392 1392 2437 non
1414 2370 1507 2436 sotis·

305 2477 444 2539 factione
459 2474 680 2539 emendaverit
695 2524 702 2538 .

438 2619 478 2697 »χι
503 2616 571 2697 Ego
586 2614 744 2699 Coeupuli
759 2634 816 2676 rou·
831 2614 1028 2677 Mer-ciorum
1043 2613 1127 2675 bsuc
1143 2610 1396 2676 munificentiam
1418 2608 1509 2693 signo

569 2724 688 2776 sunctae
703 2712 807 2776 crucis
821 2711 1019 2793 subscripsi.

439 2819 479 2897 »χι
503 2815 597 2897 Ego¹³
611 2813 850 2879 AEsulheardus
866 2863 873 2876 .
889 2813 1147 2895 archiepiscopus
1161 2809 1414 2875 Dorosernensis
1431 2808 1510 2873 civi·

564 2914 647 2996 'tutis
662 2914 788 2995 sigruuu
805 2918 925 2975 sanctu
940 2911 1043 2975 crucis
1058 2909 1255 2993 subscripsi.

439 3015 479 3092 ᾖ
503 3013 571 3094 Ego
586 3011 759 3093 Aidpulsus
776 3008 1056 3073 Licetfendeusis¹⁴
1071 3008 1241 3091 episcopus
1255 3004 1402 3071 consensi
1417 3052 1429 3072 .

440 3114 480 3190 ἦ(
504 3111 573 3192 Ego
589 3107 803 3191 Pscrnberbt¹⁵
818 3107 989 3190 episeopus
1003 3106 1167 3170 consensi.

441 3211 482 3288 ἦ(
506 3209 575 3290 Ego
591 3206 779 3288 [terrcbyrht
796 3207 967 3289 episcopus
981 3204 1128 3268 consensi
1145 3253 1154 3270 .

442 3314 482 3390 »Β
508 3311 575 3391 Ego
592 3308 775 3390 liuliheard
790 3308 961 3390 episcopus
976 3306 1123 3370 consensi
1138 3355 1145 3370 .

443 3415 484 3492 ἦ(
507 3412 575 3491 Ego
590 3409 768 3492 Eacipuifus
784 3410 954 3491 episcopus
968 3408 1116 3471 consensi
1131 3457 1138 3471 .

444 3511 483 3588 ›1‹
508 3510 576 3591 Ego
591 3507 759 3569 chbcrht
773 3506 841 3568 dux
857 3506 1032 3589 subscripsi
1047 3554 1056 3569 .

443 3608 483 3685 ᾖ
508 3606 576 3687 Ego
594 3606 742 3667 Beoruob
757 3604 825 3666 dux
840 3603 1040 3685 subscripsi.

448 3706 488 3783 ᾖ
511 3704 579 3783 Ego
596 3702 747 3787 Ciolpurd
762 3702 829 3765 dux
846 3701 1045 3784 subscripsi.

447 3807 488 3884 ἦ(
512 3803 579 3881 Ego
595 3802 772 3884 Cyuclrchu
788 3802 856 3864 dux
872 3799 1046 3883 subscripsi
1062 3850 1071 3865 .
1166 3812 1172 3822 '

452 3905 492 3982 ›1‹
517 3903 584 3985 Ego
601 3902 700 3985 Virga
716 3902 781 3965 dux
799 3899 997 3982 subscripsi.

365 4098 372 4129 ¹
391 4110 523 4149 Aen-cru.
539 4114 603 4149 xutl
616 4139 623 4149 .
636 4101 804 4159 niatu-utinm,
819 4098 851 4147 Β.
866 4096 900 4147 Η.
916 4096 951 4147 Κ.
1058 4096 1069 4127 ²
1085 4096 1137 4145 Suu
1148 4096 1198 4155 «tie,
1212 4092 1243 4143 Β.
1257 4091 1292 4142 Η.
1397 4092 1409 4122 ³
1424 4093 1520 4155 Beore,

318 4174 349 4223 Β.
364 4174 399 4225 Η.
414 4175 448 4225 Κ.
549 4176 771 4235 ⁴1120r.‹u·u.,8.
787 4174 821 4223 Κ.
915 4174 1021 4223 ³liuris
1034 4179 1060 4221 ct
1072 4173 1151 4231 libris,
1165 4170 1197 4220 Β.
1211 4169 1245 4219 Κ.
1332 4170 1521 4233 ‘litigandum

318 4254 350 4305 Β.
365 4255 399 4305 Κ.
532 4256 542 4287 ⁷
560 4258 691 4315 Aiciulius,
706 4256 751 4314 Β.;
767 4256 919 4313 Alduuiius,
932 4253 967 4303 Κ.
1097 4256 1108 4283 ¹¹
1125 4252 1237 4311 Licus-ti„
1251 4249 1283 4300 Β.
1297 4249 1331 4299 Κ.
1450 4249 1462 4283 i
1477 4250 1521 4313 Et,

315 4337 408 4393 critici.
421 4336 452 4385 Β.
467 4336 502 4386 Κ.
603 4342 623 4370 “·
640 4338 779 4395 Paulinum,
794 4335 826 4385 Β.
841 4334 876 4385 Κ.
992 4334 1012 4365 ¹¹
1030 4334 1114 4393 bech,
1129 4331 1160 4383 Β.
1175 4331 1209 4381 Κ.
1308 4330 1329 4362 ¹²
1345 4331 1474 4391 Dolantur,
1486 4329 1521 4381 Κ.

316 4414 337 4445 ¹³
354 4418 384 4465 lu
403 4418 473 4479 plum·
484 4419 512 4466 ui
528 4419 589 4477 thiu,
600 4427 628 4466 tu
646 4418 691 4465 tbe
707 4418 766 4477 eud,
781 4415 813 4465 Β.
826 4418 912 4465 struis:
929 4415 945 4440 ⁴⁴
955 4416 1009 4477 Eg.»
1026 4412 1199 4464 AE'iiclbuuius
1214 4412 1433 4475 urchiepisoopus.
1468 4412 1524 4475 Ego

317 4497 448 4545 Horis-rur
465 4499 538 4549 dux.
573 4500 627 4559 Ego
640 4498 773 4547 AEbiulius
789 4497 940 4560 episopus.
975 4498 1030 4558 Ego
1047 4493 1164 4543 iieornoii
1174 4494 1246 4543 dux.
1283 4492 1525 4555 Egulicnsberhtus

316 4579 449 4642 episeopus
462 4616 468 4627 .
504 4580 559 4641 Ego
570 4580 657 4641 Wicgs
668 4579 746 4628 dux'’.
859 4576 879 4607 '⁴
897 4576 1098 4637 Licctieldensis,
1109 4573 1144 4625 Κ.
1244 4572 1263 4603 ¹⁵
1278 4573 1404 4633 Νικὼ,
1416 4570 1451 4623 Κ.
