3816 5258
321 334 383 385 ao.
400 320 491 406 825]
684 338 859 388 esocem
879 338 923 389 ro
943 336 1169 388 wmcursm
1457 322 1525 403 tn

322 498 357 555 et
369 492 476 557 salute
490 544 499 568 ‚
514 494 609 575 cujus
622 501 767 578 potestas
780 504 816 559 et
830 494 1003 577 imperium
1016 499 1085 558 eret
1103 499 1178 557 aute
1198 492 1352 559 seculum
1372 500 1409 559 et
1428 490 1523 577 regui

322 590 392 669 ejus
414 610 480 652 nou
502 591 567 653 erit
590 592 665 659 finis
680 613 690 670 ;
703 600 737 655 et
762 591 853 654 illam
876 599 998 654 rectam
1019 598 1054 654 et
1074 590 1282 655 orthodoxam
1304 588 1399 655 iidem
1422 610 1522 673 quum

324 687 444 768 priores
458 696 569 769 patres
584 688 687 750 nostri
709 688 825 751 der-ote
846 695 1058 751 servaverunt
1078 707 1152 751 curu
1172 686 1261 751 omni
1282 686 1470 751 humilitate
1489 692 1525 751 et

324 783 447 847 sincera
461 784 636 846 devotione
651 784 759 857 ,sieut
773 783 1019 866 pneulccessores
1033 783 1096 847 mei
1110 783 1179 866 ipsa
1192 798 1303 849 sancta
1322 782 1399 847 rede
1421 783 1525 848 Doro-

325 880 493 943 vernensis
508 880 650 943 ecclesiae
664 880 830 961 subjuncti
851 889 929 943 sunt
944 930 953 955 ‚
968 900 1091 962 semper
1111 900 1236 944 servare
1251 880 1334 944 velle
1354 878 1522 943 humiliter

326 998 382 1059 per
396 977 506 1041 onmia
521 978 624 1040 fateor
639 999 647 1055 ;
662 998 786 1039 necnon
803 986 837 1041 ct
857 978 916 1039 tihi
938 986 1029 1059 pmter
1048 977 1229 1041 beatissime
1250 985 1284 1041 et
1305 977 1524 1041 amantissime

328 1074 486 1137 Uultredo
508 1074 746 1156 archiepiscope
769 1075 899 1157 tuisque
915 1075 1147 1137 suecessoribus
1167 1074 1312 1138 veredieo
1332 1074 1526 1157 professione
1579 1136 1583 1141 .

326 1172 480 1235 confiteor
510 1223 519 1247 ‚
555 1171 705 1235 stabilem
743 1172 940 1235 ohedientire'
972 1192 1110 1254 pnevere
1148 1182 1338 1253 preceptum
1376 1178 1526 1236 votorum

328 1290 470 1333 meonrm
494 1270 564 1332 sine
585 1269 653 1331 ullo
674 1269 826 1351 scrupulo
848 1268 922 1331 ialsi
946 1268 1144 1352 cogitationis
1166 1288 1267 1351 usquo
1287 1268 1524 1333 ed'terminum

328 1366 405 1430 vitae
418 1387 526 1431 mere.

373 1469 414 1548 ›1‹
438 1469 507 1551 Ego
522 1466 683 1531 Herelcrd
706 1486 778 1529 mea
799 1465 927 1549 propria
949 1485 1048 1528 manu
1070 1466 1202 1549 pereuni
1224 1464 1387 1550 signaculo
1407 1474 1528 1531 senetur

330 1567 433 1629 crucis
448 1566 571 1629 Christi
586 1563 746 1627 firnrando
761 1564 909 1628 roborari
924 1612 932 1627 .

407 1726 460 1776 [u]
471 1726 526 1778 eq.
538 1726 612 1771 ent..
621 1729 647 1767 n.
656 1725 699 1767 tr.
709 1727 756 1766 na
916 1726 923 1777 ι
947 1723 1300 1778 nemorumnemorum
1313 1728 1399 1779 pron
1410 1726 1473 1771 tm
1481 1728 1532 1779 [ι]

334 2127 406 2190 389.
431 2126 536 2188 Grnnt
555 2124 593 2206 ty
608 2124 698 2205 Kinq
713 2123 858 2204 Eeyberht
881 2130 911 2187 to
934 2124 983 2187 tlte
997 2124 1174 2208 Morrtwtcry
1187 2126 1226 2209 os
1240 2126 1284 2191 St.
1298 2128 1390 2191 Peter
1401 2130 1469 2193 ond
1489 2130 1535 2196 dt.
1632 2180 1638 2189 .

464 2222 560 2297 Paul,
594 2221 790 2297 ll'r'nclrcstcr,
815 2222 855 2303 of
881 2222 962 2283 land
985 2228 1026 2285 at
1054 2221 1189 2306 ll'ortlry,
1212 2244 1252 2287 eo.
1286 2224 1400 2291 Hercle
1458 2228 1535 2293 19st

465 2321 602 2400 Armini,
624 2319 692 2381 niul
707 2318 786 2381 26th
799 2318 968 2394 December,
989 2335 1051 2383 nn.
1067 2320 1138 2384 825.

379 2449 427 2531 pis
443 2448 472 2510 is
486 2451 561 2529 lura
577 2463 633 2511 ‚ru
649 2447 725 2509 hida
738 2448 797 2510 boc
812 2457 855 2510 eet
867 2447 984 2531 Pordie
1000 2450 1190 2533 peFsgherht
1204 2451 1277 2535 cing
1287 2451 1407 2517 booode
1421 2454 1538 2521 Sancte
1559 2478 1562 2483 ·

337 2548 467 2625 Petro]
488 2545 585 2607 Paule
602 2545 672 2607 into
686 2544 800 2607 ealdan
817 2554 994 2627 mynstrre.
1218 2622 1224 2633 .

382 2645 423 2724 ›1‹
448 2644 490 2705 In
511 2643 642 2705 nomine
665 2642 787 2704 domini
810 2643 911 2705 nostri
935 2652 969 2706 et
991 2644 1158 2709 salvatoris
1178 2646 1282 2711 Jlresu
1304 2646 1449 2714 Christi.
1471 2650 1540 2735 Ego

339 2742 565 2805 Ecoeeunres
587 2741 687 2821 regali
711 2740 814 2802 fretus
830 2740 990 2822 dignitate
1006 2742 1044 2805 de
1060 2752 1143 2805 terra
1156 2764 1253 2825 quam
1269 2764 1462 2826 precessores
1475 2746 1540 2813 mei

339 2848 437 2921 utque
459 2838 635 2920 pmpinqui
654 2838 728 2918 juro
750 2837 849 2899 miehi
872 2836 1063 2901 hereditario
1085 2840 1306 2921 possidendam
1320 2840 1542 2925 reliquerunt.

339 2936 485 3019 aliquam
502 2936 681 3017 portionem
698 2943 791 2997 terne
807 2936 1001 2998 monasterio
1016 2946 1198 2999 sanctorum
1220 2938 1434 3020 apostolorum
1454 2940 1543 3007 Petri

340 3042 374 3098 et
390 3033 484 3097 Pauli
500 3054 559 3116 pro
575 3033 715 3095 remedio
730 3033 846 3095 aninne
869 3053 948 3095 mere
964 3034 1191 3116 perpetualiter
1211 3034 1395 3117 impendere
1409 3038 1543 3123 largitur

341 3152 437 3196 sum.
459 3133 494 3193 in
517 3131 650 3193 modum
666 3129 819 3193 videlicet
833 3140 871 3192 ut
887 3144 1042 3195 autumo.
1059 3148 1080 3193 v
1096 3182 1103 3196 .
1118 3134 1324 3197 cassatorum
1338 3135 1374 3199 iu
1395 3134 1465 3200 loeo
1485 3136 1544 3221 qui
1575 3190 1597 3197 ..

342 3230 526 3312 affliellatur
551 3246 600 3290 nir
617 3229 791 3312 Permitte.
838 3228 934 3290 llauc
949 3250 1053 3292 incarn
1069 3251 1142 3294 vero
1163 3230 1365 3295 donationem
1388 3232 1449 3297 hac
1468 3254 1544 3299 oon·

343 3328 465 3390 ditione
478 3328 630 3389 roborans
642 3329 796 3389 continuo
812 3375 819 3389 .
833 3338 868 3387 ut
884 3328 952 3408 ipse
963 3327 1052 3390 loeus
1063 3327 1179 3409 haheat
1192 3330 1252 3391 sub
1263 3331 1390 3413 proprio
1403 3330 1544 3397 dominio

342 3425 427 3489 hanc
443 3436 562 3487 terram
578 3446 652 3487 curu
669 3425 830 3486 montanis
846 3445 883 3487 ae
903 3424 995 3487 silvis
1010 3427 1172 3507 pratisque
1188 3435 1221 3489 et
1235 3430 1357 3509 campis
1370 3428 1545 3495 silvestreit

344 3524 529 3605 adjunctis.
545 3523 631 3604 apud
647 3521 851 3604 antiquitatis
867 3532 988 3585 statuta
1005 3522 1046 3585 ad
1061 3544 1130 3585 eam
1146 3525 1402 3606 pertinentibus.
1427 3526 1544 3593 Adbuc

344 3621 444 3683 etiam
466 3636 501 3681 et
522 3641 581 3701 ego
597 3620 741 3699 prefatus
763 3617 834 3680 rex'2
849 3640 965 3700 augere
986 3620 1249 3703 arnplifiearique⁸
1262 3622 1467 3687 elemosinam
1485 3644 1545 3709 pro
1617 3620 1620 3627 '

345 3738 453 3779 amore
470 3717 533 3779 Dei
551 3717 701 3798 fidelique
720 3716 852 3778 servitio
868 3717 1004 3797 predicti
1019 3719 1202 3781 monasterii
1216 3726 1308 3783 teme
1322 3720 1453 3803 prefatae
1472 3770 1482 3785 .
1503 3728 1547 3787 aet

347 3815 487 3898 Vnrh'ige
498 3862 505 3875 .
516 3814 663 3874 onmium
676 3811 878 3874 saecularium
892 3814 1132 3895 gravitudinum
1147 3837 1205 3879 nec
1220 3837 1283 3879 non
1298 3828 1332 3879 et
1346 3820 1546 3883 cunctorum‘

348 3912 381 3973 iu
393 3911 520 3972 modico
531 3924 564 3973 et
578 3911 610 3971 iu
624 3931 739 3991 magno
751 3910 986 3974 munili'uliuru
999 3914 1188 3975 servitutum
1201 3913 1380 3979 lilerntem
1390 3914 1545 3985 concedo.
1581 3898 1587 3905 ι

347 4026 483 4094 excepto
498 4011 704 4093 expeditione
719 4021 753 4074 et
768 4013 877 4094 pontis
897 4014 1036 4076 factione
1059 4014 1143 4097 quod
1165 4015 1252 4078 ouini
1274 4014 1360 4098 plebi
1379 4036 1547 4083 commune

347 4118 421 4172 est.

392 4206 471 4269 Hic⁵
485 4220 564 4267 sunt
579 4207 709 4268 termini
732 4216 848 4270 terne.
895 4209 1003 4272 :Erest
1028 4212 1081 4273 her
1102 4231 1144 4273 ste
1166 4210 1218 4273 dic
1240 4219 1293 4273 utt
1314 4224 1391 4275 seoet
1411 4220 1454 4275 ret
1475 4214 1548 4297 pum

350 4305 449 4366 hilme
480 4304 623 4387 hetpeog
656 4306 782 4388 lgtume
808 4326 827 4386 ]
855 4307 1007 4370 Easturnu
1032 4360 1038 4370 .
1065 4310 1169 4371 horrnn
1196 4310 1327 4393 hoopres
1352 4310 1420 4372 oter
1444 4312 1548 4395 pennu

399 4477 555 4539 'Cast-atos,
566 4479 710 4542 originally,
723 4478 756 4527 Α,
920 4478 1066 4546 '[voletrs]‚
1079 4483 1169 4543 added,
1182 4480 1217 4531 Κ.
1378 4479 1548 4549 ’Μυῆκ
1586 4508 1589 4513 ·

352 4559 363 4589 ⁴
380 4575 474 4620 -rouur,
487 4557 523 4608 Κ.
623 4570 633 4589 ⁴
651 4560 710 4620 lite,
725 4560 787 4610 with
798 4576 810 4609 c
821 4564 965 4625 expuncto
978 4564 1028 4612 end
1040 4564 1049 4612 i
1060 4563 1177 4625 orcrliue,
1188 4562 1222 4615 Α.
