3816 5258
247 461 310 507 nn.
320 442 409 528 779.]
702 460 786 508 orna
806 461 849 508 ro
872 460 1042 511 runsnnu.
1396 448 1463 512 alo

250 614 436 699 contiguam
450 615 601 680 videlieet
612 615 756 699 ejusdem
774 616 969 701 quantitatis
987 616 1146 681 terrulam
1165 616 1202 680 in
1224 616 1355 701 regiona
1367 637 1465 683 roc*
1541 676 1555 687 .

250 712 329 777 bulo
357 713 577 777 unornane
605 762 615 791 ,
641 736 662 778 a
687 735 738 778 me
766 721 862 779 autea
890 714 1043 779 traditae.
1086 714 1229 799 Insuper
1252 722 1288 779 ct
1311 714 1465 779 adieiam'

254 810 422 875 mariscum
451 812 667 895 pertinentem
692 811 733 875 ud
762 813 884 877 aridam
910 821 945 878 et
969 812 1012 877 ud
1037 834 1131 897 aquae
1158 814 1264 897 ripam
1292 813 1465 877 Inuuuaou'

252 908 425 974 habentem
440 910 532 993 quasi
548 910 782 995 quinquaginta
799 912 951 996 jugerum
966 961 975 987 ,
989 920 1024 977 et
1045 921 1085 975 ut
1104 913 1143 976 in
1163 920 1222 977 tua
1243 912 1289 977 sit
1308 911 1465 978 facultate

250 1008 477 1091 inperpetuum
499 1008 680 1073 habendam
703 1009 978 1093 ‚possidendam
998 1009 1257 1095 tradendumque
1280 1010 1465 1095 cuicunque

254 1104 389 1188 elegeris
401 1105 590 1171 hominurn.
1470 1159 1472 1163 «

298 1204 343 1267 Et
355 1205 382 1267 si
394 1206 542 1288 quistam
558 1226 656 1269 ausus
671 1206 713 1269 sit
726 1207 812 1270 hanc
825 1205 1033 1270 donationem
1048 1227 1155 1271 meam
1171 1208 1349 1292 iufringere
1359 1214 1466 1291 temp·
1504 1184 1517 1209 ⁰

254 1302 390 1368 tuerit.
405 1305 479 1367 “sit
494 1304 666 1367 anathema
680 1303 902 1367 uriamuatha¹'.
927 1304 1023 1369 llauc
1037 1304 1198 1369 arrtulam
1212 1306 1248 1369 in
1263 1326 1324 1369 stra
1338 1304 1464 1369 stabili·
1497 1335 1503 1345 ·

256 1408 324 1465 tate
335 1410 517 1467 manentem
530 1402 804 1466 consentientibus
815 1401 973 1484 religiosis
984 1403 1131 1485 personis
1142 1412 1176 1466 et
1186 1402 1466 1467 subscribentibus

255 1497 347 1584 siguo
370 1500 472 1563 crucis
488 1500 609 1563 Christi
625 1499 791 1564 roborati.
807 1519 945 1583 quorum
968 1500 1101 1563 nomina
1121 1522 1197 1564 cum
1219 1500 1359 1585 piopriis
1379 1500 1468 1565 inira

255 1604 411 1661 notantur
424 1597 624 1680 signaculis.
1462 1654 1464 1658 .

298 1696 420 1759 Actum
445 1717 530 1760 auno
555 1696 596 1759 ab
622 1696 839 1761 incarnatione
863 1694 1017 1759 Christi.
1044 1712 1214 1761 ltocnmx
1239 1746 1248 1762 .
1274 1696 1467 1761 inuisitato

255 1794 462 1877 supradicta.

389 1937 428 2014 ›1‹
451 1934 518 2016 Ego
531 1933 730 2016 Eegberbtus
744 1932 879 1996 donator
897 1932 1027 2017 signum
1042 1933 1149 1998 mucis
1162 1931 1285 1998 Christi
1296 1934 1467 2017 impressi.

330 2040 332 2044 ’
389 2034 429 2111 ’1⁴
454 2031 589 2116 Signum
605 2052 719 2095 manus
735 2031 849 2094 lioba.

389 2133 429 2212 ᾧ
453 2130 587 2213 Signum
603 2150 718 2192 ritanus
733 2127 912 2192 Paltburd.

391 2231 430 2308 ›1‹
454 2228 589 2311 Signum
604 2247 720 2290 manus
734 2224 945 2289 Uuealluru.

391 2329 431 2406 ᾧ
456 2326 590 2409 Signum
606 2344 721 2387 rnauus
736 2325 864 2387 Banta.

391 2427 430 2504 *1⁴
455 2424 591 2507 Signum
606 2444 721 2486 manus
736 2419 881 2486 Billnoth
896 2469 905 2485 .

391 2526 431 2603 ᾧ
456 2523 591 2605 Signum
607 2541 721 2585 rnanus
736 2519 857 2585 Osuult
866 2566 875 2582 .

394 2625 434 2702 ᾧ
457 2622 591 2704 Signum
607 2640 722 2685 rnauus
738 2617 873 2681 nubta.

394 2723 433 2800 ›1‹
457 2720 593 2799 Signum
605 2739 724 2808 'ritanus
739 2715 918 2781 Balthard.

262 2878 403 2928 [mm-⁸
411 2877 606 2928 ratmanno.
890 2871 1119 2921 {chanami-n
1127 2874 1297 2924 maore.
1305 2878 1430 2928 uttan
1469 2862 1472 2866 ’

263 2941 549 2992 [naumann.
888 2935 1355 2989 animumanimumum.

265 3406 341 3469 229.
366 3404 468 3467 Gruat
490 3403 528 3485 oy
552 3402 630 3484 offa
653 3399 743 3480 Kiug
764 3400 804 3481 os
819 3398 868 3460 ihc
890 3396 1057 3473 Marciana
1078 3405 1110 3461 to
1130 3397 1286 3461 Evasium
1308 3399 1421 3483 Aoney,
1440 3401 1480 3484 os

568 3499 649 3561 lund
662 3504 696 3559 ut
711 3497 976 3559 Ducuucstrautea
1021 3512 1084 3559 ul).
1100 3497 1174 3562 779.

311 3654 340 3713 Α
359 3650 386 3713 P
402 3675 435 3712 ω.
459 3648 645 3711 innomine
668 3646 789 3709 domini
804 3646 907 3709 nostri
927 3644 1032 3709 Jlresu
1051 3646 1216 3729 regnantis
1236 3647 1476 3731 imperpetuum

267 3749 418 3811 universa
448 3766 511 3828 que
540 3744 722 3809 subsistunt
747 3751 781 3807 ct
806 3741 935 3806 condita
959 3750 1141 3807 coustant.
1186 3742 1228 3807 In
1254 3746 1349 3826 cujus
1377 3745 1478 3809 etiarn

270 3847 400 3909 nomine
426 3844 485 3907 hec
508 3844 666 3925 scriptura
688 3842 814 3904 firmata
835 3840 879 3903 sit
900 3890 908 3903 .
932 3847 967 3904 et
987 3860 1047 3926 pre
1068 3841 1164 3923 cujus
1184 3861 1267 3925 equa
1290 3863 1398 3907 amore
1418 3864 1479 3928 ego

271 3944 362 4007 Oura
384 3964 438 4005 rex
456 3941 651 4005 Marciorum
674 3939 822 4021 exiguam
845 3937 930 4000 ruris
945 3938 1479 4027 portiunculam.n11„,.videlicet

269 4040 471 4105 manentium
487 4040 521 4101 in
536 4038 607 4101 loco
620 4038 679 4121 qui
694 4037 811 4099 dicitur
825 4036 1123 4100 lou-xxnsmmmu
1139 4037 1270 4101 tradens
1289 4037 1416 4102 donabo
1435 4040 1478 4103 ad

267 4138 375 4202 lucum
391 4138 447 4222 qui
462 4138 582 4200 dieitur
596 4152 647 4198 ,nr
663 4136 867 4199 Eornsnnun
882 4133 923 4197 ob
938 4133 1092 4198 honorem
1108 4135 1172 4199 Dei
1188 4137 1354 4219 genitricis
1365 4138 1479 4203 Mariae

269 4258 326 4320 pro
345 4236 484 4300 reuredio
503 4235 611 4300 arrime
627 4256 696 4298 mee
718 4233 866 4296 omnibus
888 4232 1004 4295 diebus
1018 4233 1246 4315 possidendum
1262 4284 1269 4297 .
1285 4243 1319 4299 et
1333 4235 1375 4298 ab
1389 4237 1480 4300 ornni

266 4334 346 4418 jugo
360 4334 493 4399 seculari
511 4333 645 4397 liberam
660 4332 802 4416 exceptis
817 4331 900 4395 arcis
914 4332 1149 4397 restauratione
1162 4339 1196 4397 et
1210 4333 1320 4416 pontis
1334 4342 1369 4399 et
1382 4355 1480 4419 cxpe-

270 4431 404 4496 ditionis
418 4432 571 4515 obsequio
585 4480 594 4495 .

314 4530 502 4613 Conscripta
538 4536 589 4592 est
624 4527 692 4592 hac
728 4525 851 4591 eurtum
888 4546 975 4589 anuo
1012 4527 1055 4589 ab
1092 4526 1315 4593 incarnatione
1358 4529 1481 4594 Christi

370 4712 379 4746 ¹
397 4713 562 4777 erehea
576 4711 624 4773 Ka
640 4712 797 4775 Bmmlebes.
808 4709 840 4760 Α
855 4709 902 4772 Bo
920 4709 1129 4775 ΝΜΟ.
1224 4712 1237 4744 ¹
1253 4713 1333 4778 huju
1345 4711 1382 4765 κ.
