3816 5258
248 373 313 422 an.
329 356 419 441 8rr.]
554 375 792 427 -rouxnarrou
813 378 857 427 oa
878 376 1133 427 wmcmcuuuu
1314 362 1317 367 '
1386 318 1499 431 471ΙΙ
1573 314 1581 393 s

249 531 285 594 in
299 528 505 613 plenitudine
518 503 1057 614 provinciawictiomssinclioam·
1071 534 1195 599 famoso
1207 532 1244 597 in
1258 532 1454 619 loco.quarn
1561 556 1565 561 ·

251 628 374 693 solicoli
411 628 555 711 antiquo·
580 632 711 697 nomine
739 633 1033 697 wrxcmcrnaan¹
1063 631 1227 717 appellare
1257 638 1415 697 suescunt
1444 680 1455 699 .

251 726 444 791 lllcclesiam
467 748 539 810 quac
562 729 657 792 modo
686 730 899 813 pulcherrima
919 729 1065 795 clarescit
1086 738 1227 795 scemrue
1244 730 1315 813 jam
1337 748 1456 815 nempe

252 833 421 910 preparata
435 826 554 889 enituit
568 826 614 888 ibi
629 827 793 914 ll'llredus
808 849 935 912 qnoque
949 828 1066 913 presul
1081 828 1265 893 Cantauriae
1278 828 1314 891 in
1332 826 1457 893 honora
1568 854 1572 861 ·
1613 818 1620 829 ¹

253 923 357 988 Jhesu
374 921 495 987 Christi
510 923 633 987 domini
647 926 747 988 nostri
762 975 770 989 .
785 926 950 1010 beateque
965 926 1077 991 Maria
1089 924 1270 1009 genitricis²
1283 926 1368 991 Dei.
1381 946 1457 1012 quaa

238 1022 313 1085 'suo
327 1020 466 1083 contulit
480 1022 602 1101 gremio
616 1042 722 1102 regem
737 1044 833 1107 quem
848 1022 921 1087 ooeli
935 1044 1048 1107 capere
1060 1021 1231 1107 *terraque'
1242 1024 1457 1108 nequierant.
1549 1092 1552 1097 ,

254 1118 416 1183 dedicavit
431 1168 439 1181 .
483 1118 534 1181 Ibi
549 1140 678 1202 quoque
692 1141 800 1184 meum
815 1122 849 1201 'pa
864 1120 994 1185 domiuo
1008 1141 1124 1205 corpus
1145 1140 1280 1204 pausam
1302 1121 1456 1189 decreti.

256 1216 459 1299 Complacuit
472 1226 580 1281 autem
596 1218 677 1280 mihi
692 1218 836 1283 Kenullo
850 1228 888 1282 nt
902 1219 942 1283 ad
961 1220 1231 1283 corrsecmtionem
1252 1226 1330 1285 aute
1350 1218 1456 1285 nomi·

255 1322 339 1379 nate
362 1315 511 1379 aecclesiae
533 1316 701 1379 universos
722 1317 925 1381 accemissem
946 1318 1141 1382 Marciorum
1162 1317 1336 1401 optimates
1350 1367 1359 1384 .
1372 1318 1458 1403 epis-

256 1434 352 1497 copos
366 1465 374 1478 .
389 1415 551 1498 principes
574 1463 583 1479 .
607 1416 768 1479 comites.
790 1423 1008 1499 procuratores
1031 1465 1040 1479 .
1063 1436 1214 1499 meosque
1235 1415 1458 1499 propinquos.
1524 1436 1529 1445 ·

256 1532 383 1575 necnon
397 1520 431 1575 et
446 1512 647 1577 Cutlnedunr
661 1534 767 1596 regern
783 1512 1025 1577 Cantuariorum
1036 1564 1044 1577 .
1054 1520 1153 1597 atque
1167 1513 1336 1598 Sigmduru
1349 1532 1456 1597 regern

257 1610 474 1675 Orientalium
489 1610 654 1674 Saxonum
665 1661 673 1675 .
686 1632 760 1675 cnm
774 1612 923 1675 omnibns
937 1612 995 1694 qui
1009 1619 1107 1675 testes
1122 1611 1241 1675 uostris
1257 1610 1458 1676 sinodalibus

257 1708 479 1773 eoncilialibus
502 1709 636 1774 aderant
659 1760 667 1773 .
720 1710 822 1787 Quam
850 1730 925 1774 vero
947 1710 1113 1773 basilicam
1137 1708 1181 1774 ad
1203 1709 1335 1774 laudem
1356 1716 1393 1773 at
1415 1708 1460 1773 ad

258 1807 411 1870 honorem
427 1806 549 1870 domini
564 1808 665 1870 nostri
680 1807 783 1872 Jlresu
799 1808 917 1872 Christi
929 1858 937 1870 .
948 1815 983 1872 ct
996 1829 1054 1892 pro
1068 1827 1176 1871 amore
1189 1807 1309 1892 reginae
1319 1806 1461 1873 coelastis

259 1912 357 1987 atque
386 1904 568 1987 expiatione
598 1905 797 1988 piaculorum
822 1926 966 1970 meorum
991 1905 1147 1971 {calificati
1171 1951 1182 1970 .
1207 1926 1274 1970 uon
1299 1904 1397 1970 modo
1418 1904 1462 1971 ad

259 2003 493 2067 roborationem
518 2003 706 2067 hereditatis
729 2002 828 2068 *meae'
855 2011 953 2088 atque
978 2004 1020 2068 ad
1044 2002 1269 2068 solidationem
1293 2002 1463 2087 apostolici
1516 2029 1523 2039 ·

259 2105 421 2189 privilegii
443 2154 451 2168 .
471 2105 565 2189 qnas³
581 2105 661 2168 mihi
684 2106 849 2189 apostolici
872 2106 1039 2189 pontifices
1061 2125 1138 2170 cum
1160 2105 1353 2169 auctoritate
1374 2104 1465 2171 testi

262 2204 349 2267 Petri
375 2204 528 2287 principis
551 2203 767 2288 apostolorum
792 2203 1012 2267 direxerunt.
1056 2204 1126 2285 Ego
1148 2203 1270 2266 etenim
1299 2201 1465 2267 Keuullus

260 2300 343 2367 *Dei'
360 2302 521 2367 arridente
541 2303 645 2386 gratia
670 2322 727 2366 rex
749 2302 942 2367 Marciorum
963 2302 1006 2366 ad
1026 2301 1203 2385 „martiarum
1224 2300 1385 2365 actionem
1406 2320 1466 2385 pro

262 2400 432 2466 devotione
448 2399 577 2464 illorum
592 2400 650 2483 qni
664 2400 745 2464 mihi
759 2408 792 2465 et
807 2420 887 2464 meae
901 2399 1073 2474 hereditati
1094 2396 1245 2463 benivola
1258 2406 1369 2463 maute
1390 2418 1466 2463 cum

262 2500 453 2563 anctoritate
474 2499 691 2582 apestolorum
706 2499 916 2562 affirmatione
939 2506 1036 2581 atque
1058 2504 1249 2562 cunctorum
1270 2494 1467 2561 sinodalium

263 2607 444 2661 nostronun
458 2597 770 2662 reconciliationrun⁴
780 2597 915 2660 firmiter
929 2595 1159 2659 roboravenrnt
1172 2643 1181 2658 .
1192 2594 1270 2658 dam
1284 2601 1394 2658 autem
1409 2612 1468 2678 pro

263 2696 504 2759 continuatione
527 2717 606 2759 mee
631 2694 821 2759 hereditatis
843 2692 1203 2778 qnamdomnus³1eo
1224 2712 1310 2775 papa
1331 2690 1469 2775 primus⁸

263 2796 444 2858 atlirmabat
458 2814 533 2858 cum
548 2813 607 2856 suo
621 2791 801 2875 prisilcgio⁷
814 2840 823 2855 .
838 2800 873 2856 et
894 2800 1006 2875 postea
1027 2789 1206 2855 Paschalis⁸
1219 2808 1367 2854 summus
1387 2810 1468 2873 pou·

264 2894 346 2957 tifex
361 2914 436 2955 cum
451 2891 618 2975 preceptis
634 2911 699 2953 suae
714 2891 913 2954 auctoritatis
928 2897 962 2955 at
982 2889 1144 2953 universis
1165 2888 1364 2953 Merciomm
1384 2888 1469 2973 opti·

265 2992 406 3055 mutibus
426 2992 461 3053 in
475 2990 579 3052 tribus
594 2987 728 3051 sinodis³
743 2989 896 3052 unanimo
917 2988 1053 3052 concilio
1073 2988 1110 3050 in
1132 2993 1322 3071 perpetuam
1343 2985 1470 3051 heredi·

265 3098 366 3153 tatem
396 3086 475 3151 inihi
502 3087 647 3169 meisque
675 3086 845 3149 heredibus
874 3135 882 3150 .
912 3085 996 3149 dona
1025 3105 1098 3149 mea
1126 3084 1278 3148 omnibus
1305 3082 1471 3147 archonti·

267 3187 483 3251 Marciorum.
501 3205 625 3247 necnon
640 3194 674 3247 et
687 3183 823 3247 aliarum
837 3183 1074 3268 provinciarum
1096 3182 1131 3245 in
1150 3201 1229 3244 auro
1250 3188 1470 3265 argentoque.

267 3291 301 3347 et
323 3286 357 3347 in
379 3283 528 3346 omnibns
554 3283 748 3346 utensilibus
775 3282 855 3345 meis
879 3282 965 3346 letus
990 3281 1118 3365 erogari
1140 3329 1148 3345 .
1170 3300 1296 3343 necnon
1320 3278 1356 3343 in
1376 3278 1472 3363 equis

268 3382 492 3446 electissimis.
508 3381 683 3463 unicuique
702 3380 878 3444 secandum
901 3379 1091 3464 dignitatem
1112 3377 1231 3461 gradus
1252 3376 1305 3441 sui
1318 3424 1328 3441 .
1342 3385 1377 3441 at
1397 3374 1472 3441 oni·

269 3484 369 3547 uersis
384 3483 441 3566 qni
456 3502 546 3565 agros
562 3503 626 3544 non
640 3482 803 3545 habebant
817 3482 931 3544 libram
947 3481 981 3544 in
1002 3486 1134 3563 argento
1153 3477 1327 3561 purissimo
1347 3476 1474 3543 tribui.

268 3593 365 3665 atqnc
391 3582 424 3643 in
449 3601 526 3643 auro
552 3580 762 3643 mundissimo
784 3579 991 3662 unoquoque⁰
1004 3578 1180 3661 presbitero
1205 3572 1329 3641 ιιιιιιιὸιο
1349 3572 1470 3639 tradidi

270 3700 370 3743 unum
383 3730 390 3743 .
406 3688 439 3743 et
453 3680 540 3742 omni
556 3700 648 3742 servo
663 3678 724 3741 nei
740 3676 878 3740 solidum
893 3685 1058 3741 unumst
1071 3696 1109 3739 ea
1124 3674 1209 3737 dona
1223 3672 1473 3737 innumerabilis

270 3787 347 3842 snnt
383 3779 468 3842 sicut
497 3790 639 3841 nostram
668 3776 807 3859 regalem
836 3775 1026 3858 dignitatem
1056 3773 1190 3838 decebat
1213 3822 1228 3861 ⁸.
1258 3792 1332 3855 quae
1359 3770 1473 3835 nullus

272 3898 457 3941 enumerare
472 3875 559 3939 ualet
575 3928 581 3940 .
598 3895 702 3958 neque
717 3874 914 3937 numeranda
930 3882 1007 3936 sunt
1021 3922 1028 3936 .
1044 3892 1117 3955 quae
1138 3881 1218 3935 tunc
1238 3891 1322 3935 meaa
1343 3868 1473 3953 erogavi

271 3976 359 4056 gerrti
382 4024 390 4039 .
412 3996 450 4038 cn
472 3974 655 4038 conditione
680 3982 718 4035 ut
741 3971 821 4033 nrilri
847 3972 990 4053 meisque
1011 3969 1183 4033 heredibus
1203 3968 1302 4053 plena
1322 3966 1473 4032 libertate

272 4072 434 4136 hereditas
449 4093 521 4135 rnea
534 4093 572 4134 eo
587 4071 707 4133 firmior
720 4078 817 4152 atque
832 4068 978 4132 stabilior
991 4067 1186 4131 aeternaliter
1199 4066 1410 4151 perduraret.

316 4171 384 4252 Ego
400 4170 564 4232 Kermlins
579 4169 677 4232 etiarn
692 4189 748 4231 rex
764 4168 958 4231 hlerciornm
973 4217 981 4230 .
998 4165 1153 4230 vexillum
1176 4173 1295 4229 sanctas
1313 4163 1419 4229 crucis
1437 4162 1473 4227 iu

273 4288 337 4350 quo
353 4290 465 4352 passus
480 4279 529 4331 cst
543 4267 647 4330 Jhesn
664 4267 810 4330 Christus
824 4266 974 4328 dominns
989 4272 1118 4328 noster.
1133 4263 1249 4327 adhoc
1268 4261 1475 4347 conquisivi.

322 4463 449 4526 ι-1ιεςΚ,
559 4463 721 4527 ‘cenant
845 4462 1004 4525 ⁸Qa‹·‹t,tt
1115 4460 1251 4525 (ΜΚ.
1361 4460 1478 4512 'nan-

275 4559 331 4605 ιιιιι,
346 4540 381 4592 Κ.
498 4541 510 4571 ⁰
527 4543 800 4603 leomallo-461.
915 4543 925 4574 ⁷
943 4542 995 4604 le,
1006 4542 1055 4592 h'u.
1069 4542 1129 4591 887.
1246 4538 1260 4569 ⁸
1274 4538 1381 4589 Pmbat
1392 4539 1415 4595 l.
1425 4551 1478 4589 An.

276 4624 392 4672 ert-sat.
490 4621 502 4657 ⁹
518 4622 673 4686 Unicuique,
685 4619 721 4671 Κ.
819 4620 841 4652 ¹·
856 4621 1029 4681 hlaumunru,
1041 4619 1076 4671 Κ.
