3676 5294
307 430 370 494 242
623 448 721 497 ruam
741 448 783 497 ro
804 446 1042 497 emsronaunr
1064 448 1178 498 marr.
1329 429 1406 516 [an.
1421 446 1495 513 744

308 600 462 666 scincera¹
478 602 600 667 scilicet
614 601 785 668 devocione
800 603 925 685 placata
948 604 1053 686 precio
1075 603 1217 668 muneris
1238 601 1362 686 accepti
1384 601 1502 666 extim-

308 697 376 780 plo¹
395 699 510 782 prolati
532 720 603 763 curn
626 701 824 764 consciencia
846 701 997 765 videlicet
1018 723 1055 767 ac
1077 702 1176 786 regali
1197 702 1332 765 licencia
1353 697 1503 783 ejusqui

311 796 503 860 Britannicae
518 798 630 861 insulae
640 798 861 861 Monarchiam
876 799 1043 883 dispensat
1056 800 1234 883 regalisque
1245 798 1335 881 regni
1347 796 1503 880 regimina

308 894 488 976 gubernat.
504 893 718 959 Atlrelbaldi⁸.
734 896 1052 980 venerandorumque
1068 898 1250 961 antistitum
1266 895 1453 960 testimonio
1466 914 1505 958 ac

310 992 504 1072 dignitatum
516 1013 670 1056 consensu
685 1015 742 1076 pm
756 995 980 1079 redempcione
997 1018 1076 1061 mee
1091 997 1219 1062 anirnae⁴
1230 1017 1405 1079 eorumque
1416 993 1505 1057 side·

310 1088 388 1152 lieet
409 1090 466 1171 qni
489 1091 585 1153 michi
607 1092 835 1156 contribulium
859 1115 896 1158 ac
919 1095 1192 1158 necessitudinum
1215 1094 1352 1158 nexibus
1374 1090 1505 1174 conglu-

311 1185 408 1248 tinati
432 1197 510 1249 sunt
535 1187 738 1252 instabilem
764 1193 998 1272 possessionem
1026 1193 1110 1256 ruris
1134 1193 1345 1274 porcionem.
1369 1189 1504 1253 idest.

313 1281 614 1346 Banrsnrsnsaonn
627 1291 660 1348 et
675 1285 952 1350 Scomnsu'rnrn⁶
961 1289 1021 1351 sub
1039 1288 1149 1352 decern
1164 1289 1366 1352 nranencinm
1377 1287 1506 1351 estima⁸

311 1379 403 1442 cioue
424 1387 512 1443 certa
533 1388 679 1444 taxatum
701 1402 775 1446 curn
797 1385 1050 1467 adstipulatione
1073 1386 1237 1450 literarum
1259 1392 1293 1450 et
1316 1384 1506 1448 idoneorum

313 1477 464 1539 testium.
478 1478 644 1541 Cuuberti⁶
658 1480 802 1544 abbatis.
816 1482 938 1545 Bosan.
950 1484 1076 1547 vitam.
1087 1483 1286 1547 Walcstodes
1302 1483 1505 1546 ‚Tidbertes

312 1575 513 1638 sacerdotnm
535 1582 568 1638 et
588 1576 690 1639 Tidan
715 1580 870 1661 prepositi
891 1629 897 1642 .
918 1580 1163 1663 Cutlrwinisque
1187 1581 1312 1643 cernitis
1336 1580 1371 1643 in
1396 1577 1509 1641 absida

313 1671 459 1736 dedicata
473 1672 603 1754 quidem
624 1675 801 1756 patrocinio
816 1677 1007 1740 eximiorum
1024 1678 1241 1760 apostolorum
1257 1677 1346 1740 Petri
1365 1683 1399 1740 et
1414 1672 1508 1738 Pauli
1548 1726 1551 1731 .

313 1768 374 1832 snb
389 1789 524 1852 quorum
547 1772 705 1852 presentia
723 1771 821 1850 hujus
844 1774 978 1839 cartulae
997 1775 1205 1837 donacionem
1223 1773 1338 1836 altario
1353 1772 1417 1836 Dei
1436 1790 1509 1855 pro·

315 1868 385 1949 pria
399 1887 496 1930 mann
511 1866 655 1932 ultronea
671 1870 838 1934 voluntate
854 1872 888 1934 in
900 1873 952 1935 die
972 1881 1063 1935 sexto
1078 1873 1151 1936 idus
1165 1873 1186 1936 J
1189 1871 1247 1934 ulii
1261 1869 1389 1935 liberali
1403 1869 1510 1933 muni·

314 1965 446 2028 ficencia
467 1965 604 2028 libenter
626 1966 819 2030 tradidisse
842 1969 973 2032 furniliae
995 1991 1066 2051 quae
1092 1971 1127 2032 in
1156 1969 1348 2032 monasterio
1372 2017 1380 2031 .
1404 1967 1511 2031 Gus-

314 2077 528 2125 rmcrmunun
551 2064 610 2126 sub
632 2064 787 2148 simplicis
808 2067 1068 2131 archimandrite
1091 2067 1253 2149 dispositis
1280 2065 1400 2149 regulis
1424 2065 1511 2128 nm·

316 2159 434 2223 bertas⁸
449 2159 536 2223 fideli
548 2160 617 2223 Deo
632 2162 807 2225 famulatur
821 2164 974 2248 obsequio
989 2215 996 2228 .
1014 2166 1059 2227 ita
1075 2172 1112 2228 ut
1127 2187 1166 2228 ex
1182 2165 1242 2228 hoc
1256 2165 1309 2228 dic
1321 2162 1512 2226 inconvulso

312 2258 385 2338 jure
401 2259 531 2341 pnefata
546 2260 700 2340 possessio
723 2261 825 2343 ipsius
847 2265 1032 2326 monasterii
1045 2264 1156 2326 usibus
1177 2263 1400 2344 mancipetur.
1416 2261 1511 2342 lius

316 2355 390 2418 dem
414 2375 553 2438 namque
577 2357 701 2420 numeri
732 2368 930 2424 cassatorum
967 2360 1126 2424 calculum
1151 2362 1185 2423 in
1209 2360 1289 2422 locis
1318 2358 1376 2441 qui
1405 2358 1510 2441 prisco

316 2452 472 2515 vocabulo
495 2453 685 2516 lottisham’
702 2464 735 2518 et
753 2457 932 2522 Ledensord
953 2460 1182 2522 nominantur.
1198 2457 1314 2540 reliqui
1337 2455 1511 2537 dimisique

317 2551 449 2613 arbitrio
464 2599 471 2613 .
487 2549 669 2614 &Elbaldi¹⁰
683 2553 766 2636 regis
782 2603 789 2616 .

361 2648 441 2711 Haec
463 2658 570 2711 autern
588 2649 742 2712 vocabula
763 2672 870 2716 rerum
892 2653 1061 2737 divulgant
1082 2652 1234 2717 terminos
1256 2671 1406 2734 agrorum
1420 2647 1511 2713 vide·

319 2746 394 2810 licet
404 2746 615 2828 predictorum
631 2749 794 2811 confinia¹¹
810 2751 896 2814 inter
911 2751 1109 2833 possidentes
1124 2750 1257 2832 propria
1271 2749 1369 2812 sortis
1383 2765 1513 2812 emenso

319 2844 441 2907 scilicet
463 2844 569 2926 spacio
594 2865 750 2927 aquarum
774 2896 782 2911 .
813 2848 848 2912 id
871 2849 963 2912 est¹².
987 2848 1210 2931 Whuteleighe
1232 2897 1239 2911 .
1261 2845 1512 2911 Effrezesuebt.

320 2940 480 3005 Holebroc
494 2991 501 3003 .
515 2942 668 3004 Beaulida
679 2992 686 3006 .
696 2944 809 3008 Nimet
820 2995 827 3007 .
839 2946 1064 3029 Tidanleighe.
1076 2945 1250 3028 Bitanpath
1262 2995 1270 3008 .
1284 2943 1513 3027 Bradeleiglie.

321 3039 404 3103 Olan
426 3059 523 3121 qnam
544 3042 685 3123 suscepit
706 3042 835 3105 alveum
852 3045 994 3107 fluminis
1011 3045 1077 3106 Bru
1093 3094 1100 3108 .
1116 3043 1156 3105 ad
1175 3042 1279 3105 levam
1294 3062 1371 3106 vero
1393 3041 1514 3104 olitana

321 3137 464 3200 fluminis
480 3137 544 3199 Bru
559 3138 642 3200 circa
657 3139 787 3221 quidem
804 3152 895 3223 prata
911 3141 1043 3205 elidens
1058 3142 1142 3203 fossa
1156 3138 1298 3202 declarat
1311 3138 1455 3201 limites.

366 3234 445 3297 Haec
468 3253 543 3297 vcro
558 3235 785 3298 vocabulorum
809 3239 901 3320 signa
922 3239 1014 3300 Tomi
1038 3237 1112 3299 stilo
1134 3236 1236 3298 indita
1259 3242 1359 3298 sunt.
1375 3235 1410 3296 ni
1432 3234 1515 3296 forte

320 3332 432 3395 licium
449 3331 499 3395 vel
520 3334 685 3395 contencio
708 3355 764 3397 sen
783 3336 926 3418 jurgium
946 3336 1014 3417 jam
1037 3333 1213 3415 crepserit¹³
1233 3331 1517 3395 intertributarios

324 3437 447 3494 vestros
473 3439 661 3511 nostrosque
690 3431 819 3494 colonos
842 3481 849 3494 .
872 3432 958 3514 quod
981 3440 1091 3494 autem
1113 3430 1222 3493 crebro
1246 3428 1331 3493 solet
1360 3428 1430 3493 lieri
1458 3426 1516 3490 ubi

323 3531 525 3594 enidenciora
543 3528 753 3594 allusionibus
767 3531 913 3596 literali¹⁴
928 3532 1160 3596 elementorum
1180 3529 1377 3594 diffinicione
1393 3528 1518 3613 judicia

323 3631 465 3694 limitum
482 3638 604 3693 metum
615 3650 680 3693 non
696 3632 955 3713 porcenderintu.

368 3729 441 3792 Hoc
458 3726 678 3811 pietaucinm¹⁶
692 3749 767 3791 curn
782 3750 932 3794 concesso
945 3729 1099 3792 donativo
1112 3779 1120 3792 .
1132 3729 1228 3792 Anno
1242 3729 1284 3792 ab
1295 3728 1519 3793 incarnacione

326 3830 448 3896 Christi
459 3879 466 3893 .
479 3845 501 3892 1>
512 3880 519 3892 .
532 3846 671 3894 c.c.xl.
682 3880 689 3894 .
701 3847 752 3893 1111
768 3882 776 3896 .
792 3854 865 3895 eum
896 3853 1052 3896 consensu
1078 3829 1293 3895 Athelbaidi¹¹
1315 3832 1399 3915 regis
1420 3839 1520 3914 atque

325 3927 461 4009 imperio
483 3928 794 4011 reverentissimique
816 3930 978 4012 pontificis
999 3930 1197 3993 consciencia
1212 3929 1398 3993 Herewaldi
1416 3928 1521 3993 indic·

326 4025 414 4089 tione
426 4073 432 4085 .
446 4038 493 4086 xn
508 4073 515 4086 .
531 4034 715 4087 caraxatum
730 4034 798 4089 est.

371 4127 570 4208 Quapropter
584 4126 685 4209 siquis
699 4128 815 4209 quotis
829 4126 981 4209 deinceps
995 4136 1136 4210 tempore
1151 4125 1308 4189 tirannica
1324 4125 1425 4190 iratus
1436 4126 1523 4192 inso-

376 4281 386 4314 ²
402 4284 512 4342 Sincera,
526 4280 560 4331 K.
658 4282 669 4314 ¹
685 4282 817 4344 Exemplo,
831 4280 866 4331 K.
964 4279 976 4311 ¹
991 4281 1158 4340 AEtbclbnldi,
1169 4277 1203 4327 K.
1302 4278 1315 4309 ⁰
1329 4279 1372 4327 ΑΙ
1383 4312 1391 4326 .
1403 4293 1445 4328 ne
1456 4317 1472 4342 .,
1486 4278 1521 4330 Κ.

327 4362 338 4395 ⁸
356 4362 584 4425 Baldlrerssbcrgbs
595 4367 621 4410 ct
633 4363 862 4422 Scobbanuuirtbe,
876 4360 910 4411 K.
1015 4359 1027 4392 ⁸
1043 4359 1201 4414 (brnibstblb
1215 4356 1251 4408 Κ.
1357 4354 1369 4388 ἵ
1386 4357 1473 4416 Utus,
1488 4358 1523 4410 K.

326 4444 522 4502 ⁸'l‘unberbtcn
537 4441 571 4492 K.
679 4445 691 4476 ⁰
708 4445 848 4503 latiatim,
865 4442 899 4493 K.
1010 4443 1030 4474 ¹⁸
1048 4440 1212 4500 AEtbclbaldi,
1225 4438 1261 4490 K.
1372 4436 1391 4469 ¹¹
1410 4436 1454 4499 K..
1465 4456 1524 4489 οω-

327 4528 399 4584 cinia,
411 4524 445 4573 Α.
511 4523 531 4555 ¹¹
549 4522 583 4573 K.
598 4525 675 4574 omits
685 4525 730 4573 tha
741 4532 795 4573 rent
806 4526 833 4573 cl
844 4522 1235 4588 thispnngnpbffiadmdm.
1304 4516 1325 4550 ¹¹
1343 4519 1479 4582 mpori,
1489 4518 1525 4570 K.

328 4601 580 4662 “mamm
730 4597 1124 4668 ”stemmatum
1271 4597 1525 4660 ”muana

330 4683 350 4717 ¹¹
367 4683 489 4744 AEibth,
501 4679 536 4732 K.
