3676 5294
288 390 353 441 nn.
367 378 568 462 765x791.]
706 392 878 443 recsenrn
900 394 943 443 ro
965 394 1076 445 prosu

294 743 366 806 260.
391 742 495 804 Grartt
506 743 544 823 ty
557 742 713 823 Egebcrtb,
725 742 815 825 Kirry
829 745 867 825 os
876 744 971 820 Kcut,
982 752 1011 807 tc
1024 744 1136 822 Debre,
1148 746 1264 827 Butop
1273 746 1312 828 qs
1321 744 1493 822 Μαάθ,

379 840 419 921 os
434 840 514 902 lund
532 847 567 902 ut
581 840 729 921 Hulliaq,
742 862 785 903 ou
804 841 852 903 tlte
871 842 968 903 Riecr
985 841 1135 924 Mrrlreuy,
1149 863 1193 907 co.
1209 842 1303 906 Kent.
1348 858 1411 907 ab.
1426 842 1491 911 765

391 940 500 1005 x791.
1528 966 1560 1027 t:

760 1026 814 1089 Dr
834 1026 1039 1091 flmmeum

342 1159 382 1237 ᾖ
407 1156 449 1217 In
464 1157 595 1219 nomine
609 1156 731 1219 domiui
747 1156 914 1219 salvatoris
928 1157 1030 1220 nostri
1043 1158 1147 1223 dhesu
1163 1158 1307 1223 Cirristi.
1408 1205 1418 1217 .

341 1256 480 1318 Omnem
503 1255 602 1337 igitur
616 1253 778 1317 hominem
802 1254 885 1317 sicut
906 1255 1090 1336 frequenter
1110 1255 1220 1320 celesti
1242 1256 1424 1339 magisterio
1438 1255 1510 1319 ad-'

300 1351 451 1415 hortante
482 1351 684 1414 didicimus.
706 1350 764 1433 qui
789 1350 849 1413 sub
878 1351 1051 1415 christiana
1072 1352 1225 1436 religione
1254 1354 1330 1417 vitre
1358 1354 1496 1418 caelestis

295 1449 426 1533 pruentia
437 1448 588 1530 consequi
601 1448 761 1510 desidemt
780 1498 787 1511 .
808 1468 934 1511 neeesse
953 1458 1002 1511 est
1016 1459 1055 1511 ut
1069 1450 1104 1511 in
1118 1450 1271 1532 pnesenti
1287 1450 1420 1533 pietatis
1441 1450 1494 1513 in·

297 1548 392 1609 sistat
410 1546 560 1629 operibus
580 1554 614 1609 et
633 1545 769 1609 terrenis
783 1546 877 1608 rebus
886 1554 983 1627 atque
994 1547 1186 1609 transitoriis
1201 1547 1236 1610 in
1247 1555 1407 1631 quantum
1422 1548 1494 1611 Deo
1548 1554 1554 1561 '

297 1647 455 1731 largiente
478 1646 616 1710 sufficiat
636 1647 766 1709 sibimet
788 1652 905 1709 aeterna
925 1656 1085 1710 mereatur
1105 1649 1188 1711 bona
1204 1699 1211 1712 .
1228 1668 1365 1732 suusque
1386 1668 1497 1732 preces

298 1745 340 1808 ad
366 1745 509 1806 divinam
535 1744 702 1825 pervenire
729 1742 932 1805 clementiam
959 1744 1075 1808 cotidie
1097 1746 1193 1809 eitius
1214 1766 1272 1829 per
1293 1744 1355 1810 hoc
1376 1745 1476 1811 facist

300 1846 393 1922 Quod
409 1846 478 1927 ipse
499 1844 635 1906 aliorum
658 1844 692 1906 in
707 1844 775 1906 suis
790 1844 1033 1907 necessitatibus
1046 1844 1186 1909 libenter
1199 1846 1374 1911 exaudiat.
1389 1854 1497 1910 atten-

299 1944 365 2006 tius
388 1942 596 2005 reminiscens
622 1940 707 2023 qnod
731 1941 913 2022 quibusque
939 1940 1094 2023 religiosis
1117 1942 1388 2025 postulationibus
1407 1949 1502 2007 tanto
1572 1952 1575 1957 ’

301 2040 456 2103 libentius
479 2046 634 2119 tantoque
649 2037 830 2119 promptius
852 2057 1025 2099 consensus
1039 2037 1230 2119 praebendus
1245 2042 1316 2101 est!
1331 2046 1454 2120 quanto
1468 2046 1503 2101 et

301 2141 368 2204 illis
383 2140 440 2223 qni
456 2144 638 2221 precatores
656 2148 732 2200 sunt
748 2137 860 2200 utilior
873 2157 924 2199 res
939 2136 1115 2200 secundum
1130 2138 1191 2201 hoc
1206 2139 1333 2203 visibile
1348 2138 1503 2203 secutum

303 2258 391 2301 nune
413 2236 599 2319 impertitur
619 2285 625 2297 .
642 2244 676 2298 et
701 2235 768 2298 illis
790 2235 847 2316 qui
871 2254 1069 2297 concessores
1092 2235 1238 2299 existunt
1259 2256 1318 2319 pro
1340 2236 1505 2319 impertito

302 2356 397 2419 opere
433 2335 565 2417 pietatis
594 2333 722 2397 uberior
750 2352 871 2395 merces
901 2331 1077 2394 seeundum
1107 2332 1271 2397 invisibile
1299 2331 1506 2416 postmodum

302 2434 488 2495 tribuetur.
562 2440 565 2445 '
1160 2414 1165 2433 ¹

292 2556 295 2561 ·
348 2528 564 2605 Quamobrem
579 2547 638 2609 ego
652 2524 843 2589 securene
854 2547 910 2587 rex
928 2524 1051 2589 Cantiae
1066 2526 1126 2589 tibi
1138 2526 1347 2590 dilectissimo
1357 2528 1507 2611 episeopo

305 2626 440 2689 Dlorrax
455 2632 553 2707 atque
568 2636 632 2687 tua‘
647 2623 798 2686 aeclesia·
814 2643 885 2705 quae
907 2622 943 2685 in
964 2622 1083 2686 honore
1098 2625 1202 2687 saneti
1217 2624 1356 2689 Andreae
1370 2625 1507 2707 apostoli

306 2730 489 2785 consecrata
516 2730 566 2783 est
591 2741 649 2802 pro
675 2720 816 2783 remedio
842 2719 956 2782 animae
978 2738 1057 2783 mete
1080 2741 1154 2782 enm
1180 2742 1338 2785 consensu
1363 2742 1509 2785 meorum

307 2820 501 2901 optimatum
516 2830 615 2900 atque
631 2818 814 2899 principum
837 2824 954 2879 terram
972 2817 1054 2898 juris
1076 2818 1140 2881 mei
1155 2816 1265 2881 decern
1280 2828 1458 2883 aratrorum
1473 2820 1509 2883 in

307 2916 377 2980 loco
406 2915 464 2977 ubi
491 2915 677 2978 nominatur
706 2914 906 2975 Hnttrxuas
936 2933 1010 2976 cum
1039 2914 1189 2977 omnibus
1218 2914 1342 2978 scilicet
1370 2916 1411 2978 ad
1437 2936 1510 2979 eam
1561 2960 1580 2971 .-

308 3013 546 3098 pcrtinentibus
570 3012 697 3075 rebus.
717 3012 814 3092 juxto
839 3010 992 3073 terminos
1018 3010 1179 3093 indigenis
1200 3012 1417 3076 certissimos.
1434 3032 1510 3075 cum

309 3112 431 3194 campis
455 3111 546 3173 silvis
571 3110 673 3191 pratis
688 3107 860 3190 paludibus
882 3107 1112 3189 piscationibus
1128 3109 1353 3172 venationibus
1370 3129 1511 3191 aucupe·

309 3209 453 3274 tionibus
483 3208 622 3269 libenter
653 3205 828 3268 tenendam
863 3204 1150 3287 possidendamque
1184 3206 1324 3268 concedo
1352 3254 1360 3269 .
1391 3206 1443 3268 Its
1473 3212 1512 3269 ut

310 3306 466 3391 quicquid
495 3305 535 3367 dc
563 3325 601 3367 ea
631 3324 725 3385 egere
755 3302 894 3365 volucris
909 3350 917 3365 .
932 3301 1066 3365 liberum
1088 3303 1274 3384 peremnia
1297 3303 1511 3386 inperpetuo

309 3410 504 3488 potestatem
519 3409 629 3464 teneas
643 3449 651 3465 .

355 3504 510 3586 Quisquis
533 3503 631 3584 igitur
657 3500 811 3564 heredum
837 3520 1117 3583 successorumque
1139 3520 1283 3562 meonim
1307 3500 1391 3565 lmnc
1413 3499 1512 3563 dons-

313 3605 435 3666 tioncur
459 3621 563 3663 nrearn
588 3620 703 3681 augere
727 3612 825 3679 atque
849 3597 1044 3679 amplificare
1066 3598 1204 3661 soluerit
1220 3648 1228 3660 .
1244 3597 1359 3661 lrabeat
1386 3598 1513 3661 beatam

312 3698 571 3760 communionem
593 3696 626 3756 in
650 3695 803 3775 preescnti
822 3714 894 3755 cunr
917 3693 1126 3775 diligentibus
1140 3694 1261 3755 Deum’
1275 3743 1283 3756 .
1298 3702 1332 3757 ct
1349 3696 1383 3756 in
1404 3695 1515 3757 futuro

315 3805 502 3877 perpetuam
519 3813 591 3855 cum
608 3791 758 3853 omnibns
773 3791 913 3853 sanctis.
945 3790 1099 3871 Quisquis
1114 3800 1222 3883 antem
1238 3790 1392 3852 malivola
1406 3797 1515 3854 mente

314 3901 423 3954 ruente
445 3890 485 3953 de
508 3890 564 3951 illa
588 3890 758 3950 immutare
781 3895 838 3949 aut
859 3887 1038 3950 inminuere
1060 3888 1288 3967 temptaverit!
1309 3896 1475 3969 separetur
1496 3906 1516 3949 a

315 3986 466 4049 societate
489 4006 554 4048 nen
579 3985 684 4047 solum
712 3991 839 4047 {eternae
869 3983 1033 4046 felicitatis
1054 3984 1199 4046 omnium
1221 3990 1405 4045 sanctorum
1427 4033 1435 4046 .
1457 3983 1516 4047 sed

315 4086 412 4146 ctiam
429 4086 462 4146 in
478 4096 596 4146 aterna
612 4101 792 4162 petraeum
807 4079 962 4143 scelerum
978 4100 1108 4143 snorum
1123 4128 1130 4141 .
1145 4078 1330 4143 crudelibus
1344 4082 1516 4163 comparti-

316 4182 443 4263 cipibus
467 4183 511 4243 sit
534 4178 786 4243 curulemrratus³.
831 4182 875 4241 At
901 4197 976 4241 vcro
1005 4187 1043 4239 ut
1071 4175 1155 4240 hanc
1178 4176 1385 4239 donationem
1411 4197 1517 4239 ineam

315 4278 455 4360 quilibet
483 4278 650 4339 bornirunn
681 4274 854 4357 aliqnando
884 4295 948 4337 nou
979 4275 1079 4357 possit
1108 4274 1232 4336 irritam
1261 4274 1366 4337 faeere
1386 4278 1394 4331 t
1418 4294 1517 4336 mann

317 4375 446 4457 propria
468 4376 596 4456 signum
618 4388 736 4435 sauctae
754 4372 857 4435 crucis
879 4373 993 4434 subtus
1008 4372 1043 4433 in
1057 4370 1118 4433 liae
1132 4371 1250 4453 pagine
1266 4372 1370 4434 sincere
1384 4370 1519 4434 curari.

366 4520 374 4551 ¹
394 4521 489 4580 -lrerlrt,
503 4520 550 4578 Κ.;
569 4520 690 4583 splene,
703 4518 738 4567 Η.
864 4520 875 4551 ²
892 4520 1003 4581 Domini,
1016 4516 1050 4567 Η.
1065 4515 1110 4577 Β.;
1126 4518 1188 4578 dm‘,
1199 4516 1233 4567 Α.
1247 4518 1382 4581 (probebls
1392 4516 1520 4565 mistuken

318 4604 359 4651 lor
371 4602 440 4663 dni).
536 4599 548 4632 ⁸
564 4602 783 4663 condempnatum,
796 4598 831 4649 Κ.
