3676 5294
290 404 353 452 an.
368 387 456 471 790]
575 404 659 452 erra
679 402 723 453 ro
743 402 810 451 rae
831 404 941 453 aram
962 403 1004 453 or
1026 402 1073 453 ετ.
1089 402 1199 453 orara
1323 378 1326 383 ’
1378 360 1381 365 ’
1421 390 1488 455 sal

335 559 546 635 Quamobrem
562 579 620 641 ege
633 559 668 622 in
683 559 746 622 Dei
761 559 891 623 nemine
902 560 992 625 orm
1003 579 1060 623 rex
1076 558 1272 625 llerciorum
1283 610 1292 636 ‚
1302 568 1492 645 suggerente

294 657 471 741 Maginario
499 657 615 720 abbate
639 677 696 739 per
716 656 851 719 missum
876 678 971 721 snum
993 655 1227 720 Nadelban'nm
1243 707 1252 735 ,
1271 656 1311 723 de
1330 666 1416 721 terra
1435 656 1494 719 illa

294 774 365 835 quar
380 763 430 817 est
443 755 477 817 in
492 753 561 817 loco
580 753 637 816 ille
652 804 660 828 ,
675 754 708 817 in
725 752 829 836 porta¹
849 754 1003 817 mlalicet.
1017 753 1074 835 qui
1097 754 1329 837 numeupatur²
1344 752 1494 817 Lnndeu·

295 850 372 913 nuic
388 851 464 925 ,iulii
480 850 543 913 alne
559 851 672 913 iratres
691 851 898 933 Agenannala
913 872 968 914 seu
986 842 1304 937 Sigrinus'om[n]em
1316 871 1407 915 snam
1421 867 1494 935 pos·

295 948 465 1010 sessionem
482 955 656 1029 spontanea
671 947 849 1029 voluntate,
860 957 936 1011 ante
956 947 1038 1010 duos
1059 967 1163 1011 annos
1178 954 1290 1012 sancto
1305 944 1496 1019 Diunisio⁸,

295 1050 428 1129 nrartJri
443 1048 586 1130 precioso
602 1098 609 1122 ,
624 1047 679 1129 qui
695 1049 794 1110 estin
811 1049 946 1111 Francia
962 1098 970 1123 ,
985 1048 1143 1131 sociisque
1158 1049 1230 1130 ejus
1244 1047 1402 1112 dederunt
1416 1098 1425 1123 ,
1438 1064 1496 1129 ege

295 1169 422 1232 quaeque
431 1168 563 1212 censum
574 1168 702 1210 omnem
711 1148 798 1230 qnod
813 1148 847 1210 in
858 1158 948 1231 parte
959 1170 1031 1212 mea
1044 1149 1118 1229 jnre
1131 1151 1275 1233 accipere
1289 1149 1386 1214 debui
1395 1146 1497 1227 ,etad

296 1267 373 1309 usus
389 1246 533 1327 proprios
548 1244 653 1306 adhue
667 1245 845 1307 retinebam
859 1246 946 1321 ‚sire
963 1246 998 1308 in
1014 1266 1093 1309 auro
1107 1296 1116 1321 ,
1131 1247 1249 1310 sivein
1264 1253 1415 1329 argento,
1429 1245 1498 1309 sire

296 1351 330 1412 in
341 1347 496 1411 reditibus
505 1346 578 1407 aliis
588 1396 596 1419 ,
607 1351 711 1407 totum
723 1346 764 1408 ob
775 1367 917 1410 amorem
930 1346 994 1411 Dei
1006 1348 1237 1428 omnipotentis
1246 1346 1497 1412 etrerereutiam

297 1446 507 1531 preciosorum
525 1452 702 1525 martprum
718 1443 875 1507 Dinnisii³
891 1444 1036 1520 ‚Rustici
1050 1452 1099 1520 ‚et
1116 1444 1297 1508 Eleutherii
1310 1494 1319 1520 ‚
1328 1444 1398 1527 jam
1413 1442 1500 1507 dicta

298 1542 406 1607 abbati
419 1540 598 1622 Maginario
613 1560 650 1602 ac
662 1548 781 1603 sanctae
797 1542 1035 1623 congregationi
1050 1540 1295 1606 monaclrorum⁴
1306 1541 1375 1617 ,vel
1389 1558 1501 1605 eorum

299 1638 532 1704 successoribus
548 1687 555 1711 ,
570 1638 604 1698 in
614 1636 723 1700 eodem
735 1638 932 1701 nnnrasterio
944 1638 1088 1720 preclaro
1103 1687 1112 1712 ,
1125 1638 1212 1720 qnod
1224 1645 1273 1702 est
1282 1644 1502 1702 constructum

299 1739 334 1800 in
350 1734 472 1799 Gallias
496 1734 530 1795 in
554 1732 673 1796 honore
691 1734 834 1815 ipserum
852 1743 1032 1815 martyrum
1052 1734 1222 1798 libentiae
1241 1734 1357 1798 devoto
1371 1733 1503 1809 anime,

298 1855 364 1897 una
393 1847 465 1894 curn
492 1830 658 1893 voluntate
683 1850 762 1893 mcae
785 1831 952 1913 cengngis⁵
974 1830 1098 1912 filiique
1125 1828 1204 1894 mei⁶
1227 1880 1236 1907 ,
1257 1839 1289 1894 et
1307 1830 1503 1894 obtimatum

300 1948 444 1994 meorum
469 1947 624 1989 consensu
640 1975 647 2000 ,
663 1927 703 1989 ab
728 1926 788 1989 hac
811 1926 863 1991 die
886 1928 1026 1991 concedo
1050 1947 1241 2009 cessumque
1265 1928 1504 2010 imperpetuum

301 2047 370 2091 esse
395 2024 466 2087 rolo
482 2075 490 2099 ,
505 2025 551 2086 ita
578 2032 613 2086 ut
639 2025 680 2086 ab
703 2022 764 2087 hae
790 2024 843 2087 die
869 2044 928 2088 nec
954 2044 1014 2106 ege
1029 2075 1037 2100 ,
1050 2045 1112 2088 nec
1133 2036 1277 2107 posteres
1299 2024 1360 2087 mei
1378 2042 1505 2105 ‚neque

301 2123 419 2205 aliquis
450 2141 490 2183 ex
520 2120 734 2202 potestatibus
770 2121 869 2207 liujus
899 2122 1009 2183 saeculi
1044 2122 1188 2184 reditum
1216 2121 1358 2205 aliquem
1389 2119 1506 2184 exinde

301 2240 430 2303 quaqua
444 2218 568 2280 ratione
588 2224 757 2299 reposcant
776 2238 882 2300 nequo
904 2219 1063 2300 recipiant
1081 2269 1089 2294 ,
1103 2218 1159 2281 sed
1175 2238 1300 2303 semper
1313 2218 1349 2281 in
1363 2226 1507 2300 tempore

303 2341 374 2384 meo
398 2318 449 2381 rel
470 2338 613 2381 meorum
633 2338 851 2381 successorum
875 2368 883 2393 ‚
906 2319 941 2380 in
964 2326 1125 2400 potestate
1143 2320 1214 2401 jam
1236 2318 1314 2382 dicti
1335 2318 1461 2381 abbatis
1474 2324 1516 2382 et-

302 2420 535 2485 nmnaclrenmr
552 2468 559 2492 ,
574 2419 703 2480 favente
727 2419 858 2481 Christo
872 2468 880 2492 ‚
895 2419 1035 2501 amplius
1055 2428 1090 2483 et
1111 2419 1286 2502 perfectius
1300 2424 1509 2501 permaneat.

304 2520 450 2581 Preterca
466 2516 621 2577 donatum
637 2514 723 2596 quod
744 2516 867 2577 amicus
890 2524 1001 2579 nester
1015 2526 1049 2580 et
1065 2517 1170 2580 fidelis
1186 2514 1402 2579 Βεκιιτῑίιιὰδ1
1417 2514 1509 2590 dux,
1553 2544 1558 2553 ·

304 2628 337 2681 et·
354 2619 452 2680 irater
473 2618 543 2695 ejus
564 2615 733 2689 nutriata,
747 2615 788 2678 de
803 2616 1006 2698 receptaculo
1028 2638 1088 2680 suo
1110 2618 1323 2680 Illnnel'runa
1337 2666 1346 2692 ,
1359 2614 1446 2699 quod
1459 2622 1511 2681 est

304 2717 338 2778 in
367 2735 449 2797 pago
478 2714 535 2795 qui
567 2722 701 2776 vocatur
730 2714 884 2777 Successa
908 2762 917 2787 ,
940 2734 1037 2795 super
1063 2714 1200 2776 tlnm'um
1227 2712 1360 2777 Saforda
1381 2760 1390 2787 ,
1411 2720 1446 2777 et
1467 2711 1509 2777 de

305 2812 414 2896 portu⁹
426 2831 521 2893 snper
532 2830 618 2873 mare
634 2811 806 2893 Hasting⁸s
817 2818 851 2874 et
863 2811 1033 2875 Peuenisel
1045 2862 1053 2886 ‚
1067 2811 1228 2893 quomodo
1239 2821 1315 2875 ante
1324 2810 1393 2873 dies
1407 2810 1487 2875 istos
1498 2861 1508 2889 ,

304 2909 449 2993 legaliter
475 2909 664 2991 subscript-is
691 2910 829 2971 testibus
855 2960 863 2984 ‚
885 2908 925 2972 ad
950 2909 1078 2973 eosdem
1105 2917 1233 2972 sanctos
1253 2907 1436 2982 martires¹⁹,
1450 2908 1509 2991 qui

306 3029 363 3071 sna
383 3007 606 3089 deprecatione
628 3007 669 3068 ab
691 3006 881 3071 infirmitate
904 3006 1005 3069 nimia
1021 3058 1029 3081 ,
1043 3028 1110 3089 qua
1131 3007 1302 3070 tenebatur
1313 3006 1383 3087 jam
1402 3004 1510 3069 dictus

306 3105 370 3167 dux
389 3124 483 3177 ,eum
508 3103 778 3166 resuscitaverunt
804 3105 880 3167 iecit
896 3155 904 3180 ‚
918 3104 1105 3187 petentibus
1125 3103 1246 3167 eisdem
1268 3111 1365 3185 atque
1386 3103 1511 3186 prefato

305 3203 454 3275 abbate,
481 3220 539 3262 nos
568 3210 600 3263 et
625 3220 794 3263 consessus
824 3201 1044 3263 obtimatnm¹¹
1066 3220 1212 3266 meorum
1242 3220 1307 3263 uno
1335 3198 1510 3283 eodemque
1589 3256 1593 3263 .

243 3312 247 3319 '
306 3319 462 3363 consensu
478 3297 648 3360 laudamus
662 3306 694 3361 et
710 3298 962 3363 confirmanius.

350 3396 384 3458 Si
399 3396 472 3477 quis
487 3405 595 3457 autern
611 3394 694 3458 hane
711 3406 853 3459 nostram
873 3406 1046 3478 nostreque
1066 3396 1331 3460 constitutionem
1354 3394 1512 3459 desiderio

306 3493 485 3555 roboratam
510 3511 632 3572 ,qnam
653 3492 693 3553 ad
721 3502 848 3555 sanctos
871 3508 1030 3575 martarcs
1052 3514 1110 3574 pro
1130 3513 1238 3556 amore
1260 3494 1323 3556 Dei
1352 3500 1385 3555 et
1406 3491 1512 3556 salute

307 3604 416 3654 nostra
430 3591 563 3653 secirnus
579 3640 586 3663 ,
601 3591 799 3654 detrahendo
816 3591 866 3655 rel
884 3593 1034 3654 uiolando
1049 3593 1214 3674 infregerit
1230 3642 1239 3668 ,
1253 3592 1311 3654 illa
1330 3592 1512 3655 maledictio

309 3690 418 3751 vernat
434 3708 530 3768 super
545 3708 618 3748 eum
632 3696 667 3760 ‚“
680 3689 730 3750 lte
746 3688 910 3751 maledicti
927 3689 961 3750 in
977 3690 1085 3770 ignem
1100 3689 1293 3751 aeternnrn''.
1328 3688 1391 3764 Qui
1403 3696 1512 3751 autem

308 3784 483 3846 servaverit
499 3790 532 3845 et
547 3783 707 3862 adjuverit
724 3833 732 3858 ‚
747 3804 821 3845 curn
842 3786 964 3847 sanctis
983 3786 1046 3847 llei
1063 3785 1154 3847 vivat
1174 3785 1434 3866 imperpetuum.
1465 3783 1514 3847 Ut

309 3890 418 3943 antem
444 3879 512 3941 lucc
538 3880 715 3962 pleniorem
740 3881 906 3943 obtineant
932 3882 1224 3961 a·igore1n,1irann
1251 3881 1377 3963 propria
1404 3878 1515 3943 subter

311 3977 509 4038 firmavimus
526 3984 644 4058 ,atque
661 3978 763 4039 nostri
779 3976 894 4039 anuli¹²
904 3978 1114 4060 impressione
1130 3978 1250 4059 signari
1266 3978 1422 4040 sacimas.

354 4074 450 4134 Anna
460 4073 627 4135 dominius·
639 4074 869 4136 incarnationis
882 4123 888 4135 .
902 4090 964 4136 nce·
976 4124 983 4136 .
995 4072 1073 4136 xc¹³.
1113 4074 1294 4136 lndictione
1308 4088 1386 4135 xm.
1417 4072 1515 4134 Anne

311 4189 449 4249 namque
461 4169 550 4249 regni
563 4170 625 4231 mei
642 4217 649 4230 .
666 4171 799 4231 anxuru
809 4219 816 4231 .
827 4190 901 4232 curn
917 4170 968 4232 his
983 4171 1121 4233 testibus
1134 4170 1290 4245 ,secundo
1304 4169 1357 4232 die
1367 4167 1516 4251 paseaeu.

360 4294 635 4357 1Ιὀι’ἲιι,ῑ).Ρ.Μ.Τ.
734 4296 876 4358 ²Nnncu„
890 4296 924 4347 0.
938 4296 969 4347 F.
1068 4300 1215 4362 ⁸Dinuye„
1229 4296 1263 4347 0.
1278 4296 1308 4348 F.
1404 4296 1515 4359 ‘llum

313 4376 347 4426 0.
361 4375 392 4426 F.
485 4378 611 4440 ⁸Conjn.,
625 4376 658 4426 0.
753 4377 979 4442 ‘filiisquemcm
993 4377 1027 4428 0.
1042 4377 1072 4427 Ρ.
1166 4378 1374 4437 werstanum,
1387 4374 1422 4426 Ι).
1436 4375 1467 4427 F.
1479 4376 1515 4427 Τ.

311 4455 488 4513 ⁸liudbaldus,
501 4455 534 4505 D.
546 4456 576 4506 F.
586 4456 620 4507 T.
719 4457 926 4519 *Portubnast
1022 4459 1188 4522 balaam,
1201 4457 1235 4507 0.
1248 4457 1278 4507 Ρ.
1370 4456 1472 4521 Πομ..
1480 4456 1516 4507 Τ.

312 4534 333 4566 ¹²
349 4538 446 4584 Anuuli
462 4540 551 4597 aman,
564 4536 598 4585 0.
683 4536 703 4567 ¹¹
719 4540 1127 4601 septingentesimonanmaaium
1138 4538 1255 4601 septimo,
1268 4534 1302 4585 Ι).
1381 4535 1403 4567 ¹⁴
1419 4548 1518 4599 xxm..

313 4612 347 4662 T.
362 4611 404 4670 F.;
422 4618 554 4665 ama-dnn·
564 4617 651 4676 tertio,
665 4613 700 4667 Ι).
800 4618 818 4647 ¹²
836 4619 957 4677 Paschae,
970 4616 1004 4665 D.
1019 4616 1049 4667 F.
