3816 5258
330 367 393 415 an.
408 354 608 437 729x744]
704 371 825 420 namra
846 369 888 419 or
908 368 1015 419 aanor
1036 369 1204 431 muenia,
1468 361 1544 424 241.
1632 329 1639 406 s

332 605 1338 693 tramosericaamresaraaamomomyeaa
1353 610 1534 696 cemma
1583 567 1588 576 ’

462 715 493 771 to
507 710 622 772 Abbots
638 710 777 792 Cocaqils
791 713 842 793 (of
852 710 1072 793 Gloetoabury)
1091 710 1160 772 eisd
1173 711 1295 791 lapda,
1309 715 1454 796 aqroeiaaq
1468 720 1498 777 to
1510 734 1533 777 α

458 809 607 890 proposd
622 811 660 892 of
676 809 829 893 apricitate!
838 810 1027 893 fraternity.
1072 823 1136 873 an.
1152 806 1216 875 729
1228 808 1337 896 xasa.

375 967 543 1031 Fratribus
557 967 593 1030 in
609 967 738 1033 Christo
753 966 925 1032 carissimis
940 965 1128 1030 maroneo
1143 977 1176 1030 et
1192 967 1342 1032 Ixonteo
1361 967 1533 1034 abbatibus

331 1071 365 1128 et
383 1064 588 1147 singulariter
609 1071 742 1148 cognato
761 1074 869 1127 nostro
890 1062 1434 1147 W1sreu1tr0prmbyteio.omnis
1455 1086 1531 1130 cen·
1650 1091 1654 1096 ·

332 1163 474 1246 gregatis
484 1157 588 1224 trium
595 1161 860 1226 monasteriorum
871 1210 878 1223 .
891 1159 984 1224 idest
993 1161 1153 1224 Acunum
1165 1162 1267 1244 patris
1281 1163 1534 1228 reverentissimi

331 1265 366 1322 et
380 1259 584 1322 Csnonsnoa
599 1258 720 1322 Clnisti
732 1256 861 1321 famulae
873 1278 932 1321 nec
944 1278 1008 1320 nou
1020 1265 1053 1320 et
1063 1258 1266 1322 consecras
1280 1259 1533 1326 abbatissarum.

332 1375 507 1439 perennem
522 1361 621 1437 atque
642 1354 846 1419 insolubilem
861 1355 896 1417 in
911 1353 1041 1417 domino
1063 1354 1202 1419 salutem
1217 1404 1226 1418 .

377 1451 530 1516 Libenter
549 1472 679 1535 nanque
699 1460 796 1534 atque
809 1458 972 1534 gratanter
986 1460 1103 1516 vestrae
1118 1451 1323 1517 salutationis
1338 1455 1534 1520 munuscula
1599 1503 1601 1507 ι

333 1549 535 1632 suscepimus
556 1549 691 1631 Dcoque
712 1549 886 1631 adjuvante
905 1547 1009 1611 isdem
1033 1568 1265 1631 reconpensare
1285 1551 1533 1618 desideramus.
1593 1603 1597 1609 .

333 1654 367 1712 et
388 1667 459 1710 eam
474 1696 482 1710 .
498 1666 597 1729 quam
612 1647 696 1710 circa
711 1666 768 1710 nos
783 1645 955 1728 scripsistis
968 1644 1086 1708 habere
1112 1645 1146 1708 in
1172 1647 1371 1711 orationibus
1392 1668 1534 1714 commu·

332 1743 463 1806 nionem
488 1792 496 1805 .
519 1743 603 1806 bono
628 1743 736 1806 aiiimo
758 1749 792 1806 et
811 1761 892 1825 pura
910 1740 973 1804 fide
993 1761 1066 1824 erga
1087 1761 1142 1804 vos
1167 1741 1388 1807 indesinenter
1418 1744 1536 1809 habere

304 1843 311 1857 '
333 1839 444 1904 horis.
461 1841 580 1921 quibus
594 1841 787 1903 intimastis.
803 1838 1044 1903 consentimus.
1060 1838 1201 1901 Nomina
1210 1859 1338 1922 quoque
1353 1848 1537 1905 nostrarum

334 1936 561 2000 deiunctanun
590 1957 732 2000 sororum
760 1957 818 2020 ego
840 1935 1009 2018 Cueuberg
1037 1935 1265 1999 memorialiter
1286 1944 1319 2001 te
1339 1936 1459 2002 habere
1479 1939 1537 2003 ,0

336 2033 563 2098 ll'icbtberhte
579 2082 588 2098 .
603 2034 761 2117 presbiter
775 2033 878 2097 fidelis
891 2032 1061 2115 .deprecor
1075 2041 1109 2096 et
1123 2033 1273 2097 omnibus
1288 2035 1538 2120 circumquaque

336 2130 451 2194 amicis
475 2131 695 2194 transmittere
720 2179 728 2194 .
755 2128 899 2206 Quanam
920 2128 1026 2212 prima
1047 2129 1111 2191 iuit
1135 2129 1328 2214 Quoengyth
1353 2151 1442 2195 soror
1467 2152 1538 2197 mee

335 2247 488 2312 gannane
510 2276 517 2291 .
540 2235 575 2290 et
597 2226 684 2290 Edlu
704 2276 712 2291 .
736 2246 808 2310 quae
830 2235 900 2290 ciat
920 2246 994 2290 cum
1021 2225 1128 2290 adhuc
1152 2227 1278 2290 viveret
1298 2237 1402 2292 mater
1424 2230 1507 2293 Etan
1529 2280 1538 2296 .
1653 2255 1656 2259 ’

335 2324 485 2388 Aldhuni
511 2324 675 2407 quondam
699 2325 748 2387 tui
773 2323 899 2392 abbatis
922 2323 1112 2406 propinqum
1134 2373 1142 2387 .
1168 2324 1313 2401 Quarum
1335 2326 1449 2410 utique
1471 2349 1539 2392 am·

337 2421 451 2484 barum
466 2421 532 2485 luit
553 2441 619 2484 uuo
634 2421 687 2485 die
701 2421 881 2504 depositio.
897 2419 997 2484 idest
1012 2419 1126 2484 Idibus
1142 2421 1359 2503 Septembris.
1384 2423 1539 2488 Orantem

335 2537 395 2601 pre
420 2518 515 2582 nobis
539 2517 773 2582 beatitudinem
795 2524 934 2581 vestram
967 2516 1118 2580 dominus
1146 2517 1350 2600 omnipotens
1380 2519 1540 2584 custodire

336 2615 489 2699 dignetur
510 2615 702 2679 incolomem
724 2665 731 2679 .
754 2614 956 2678 dilectissimi
978 2614 1095 2678 iratres
1117 2623 1152 2678 et
1172 2613 1296 2678 domini
1318 2664 1326 2679 .
1350 2616 1413 2680 Per
1433 2638 1540 2700 aevum

337 2713 530 2777 Emmanuel
557 2762 565 2777 .
589 2713 703 2777 Saluta
724 2733 835 2778 omnes
857 2712 1107 2795 circumquaque
1137 2711 1259 2776 Christi
1289 2733 1397 2779 servos
1423 2717 1542 2782 uostris

336 2810 552 2874 veracissimis
568 2810 693 2874 verbis.
708 2809 911 2874 dilectissimi
926 2809 1062 2874 iratrm.

496 2940 548 2991 [k]
562 2937 1389 2992 unumst.tlt‚witronncnitac1piaa.aa³am.tlcu‚a

339 3323 411 3387 iae
436 3321 540 3385 aaa
566 3321 605 3404 ty
629 3322 727 3385 aare
751 3330 782 3386 a
809 3322 1019 3403 scemam
1042 3323 1147 3405 Attey
1171 3324 1211 3405 of
1227 3323 1309 3387 rasa
1333 3325 1371 3387 a
1395 3325 1540 3390 aalma

660 3413 802 3502 boroaqb
817 3440 856 3484 co.
871 3420 1027 3484 Soaaerert
1071 3421 1226 3487 A.1>.744.

784 3541 1101 3604 annosasnoncnn

383 3660 481 3723 Carta
495 3658 596 3722 Hillae
612 3659 731 3724 Christi
746 3660 873 3725 ancillae
888 3661 928 3725 de
944 3659 1244 3745 Baltouesborghe.

384 3760 425 3836 ’1⁴
450 3757 556 3820 Omne
578 3756 711 3839 quidem
732 3756 896 3821 decretum
917 3758 1182 3822 commutacionis
1197 3766 1295 3842 atque
1314 3762 1539 3826 commercium

340 3854 527 3938 temporalis
539 3855 771 3937 negociationis
785 3856 871 3919 inter
884 3855 1037 3918 mortales
1052 3855 1134 3919 solet
1147 3856 1310 3938 apiscibue
1324 3858 1540 3922 inextricabili

339 3950 465 4014 scilicet
489 3951 632 4014 roborari
659 3952 765 4016 tedere
790 3952 968 4016 secundum
997 3952 1179 4033 antiquitus
1208 3952 1374 4016 collatam²
1394 3975 1436 4018 ua
1458 3956 1539 4019 sorra

340 4048 549 4111 nascencium
575 4047 693 4111 sobolis
715 4048 833 4112 delicto
856 4048 1008 4111 salsitatis
1030 4049 1214 4130 ignorantes
1237 4050 1541 4136 contamine[n]tur⁸

340 4165 533 4227 rursumque
559 4144 734 4227 dampnare
770 4155 926 4209 conentur
961 4166 1035 4228 quae
1072 4146 1136 4208 lida
1172 4146 1259 4216 inter
1294 4167 1329 4211 se
1365 4149 1540 4230 primorum

340 4242 497 4305 autoritas
512 4242 573 4305 sub
587 4241 682 4307 almae
697 4243 853 4306 trinitatis
868 4243 1104 4306 contestarioue
1119 4241 1228 4304 stabili
1243 4245 1413 4307 coustituit
1423 4246 1517 4326 jure.

384 4339 437 4404 Ob
459 4339 520 4404 hoc
542 4340 1106 4425 autem[egoH11.1.a]militaucium
1121 4338 1249 4403 Christo
1268 4339 1402 4404 humilis
1423 4340 1541 4404 moilla

487 4509 874 4572 marnamsmmnm
908 4473 1297 4562 squamosalosum

490 4590 705 4654 ‘aalma
834 4588 1134 4652 cranemere

386 4686 496 4738 roca
1389 4685 1412 4734 ι
1494 4686 1497 4692 ’
