3816 5258
249 242 313 293 ao.
328 224 423 310 822]
640 237 820 291 morum
839 242 884 291 ro
904 199 1068 297 mrum.
1116 260 1120 265 ·
1386 232 1453 299 5⁰9

251 398 280 463 ci
292 398 447 461 luituram
462 396 618 481 pirenei-it
628 448 636 463 .
647 421 722 462 cum
735 398 887 463 omnibus
903 400 970 463 usis
981 400 1025 465 ml
1038 422 1111 467 cum
1122 402 1186 467 rite
1196 384 1453 487 pertinentibm.

252 518 327 561 cum
346 495 494 578 mirapis.
511 495 602 560 silbis
617 546 625 560 .
639 495 763 579 prat-is.
782 495 912 579 pascuis
926 498 1050 581 ‚aquis
1061 545 1074 563 .
1088 498 1219 565 molinis
1240 548 1250 566 .
1270 501 1455 585 piscationi.

252 596 313 659 bus
327 644 337 657 .
350 594 622 677 aucupationibus
636 643 645 658 .
659 593 903 685 venationibus.
918 601 953 658 et
974 595 1124 679 quicquit
1145 596 1183 661 in
1203 617 1240 662 sc
1260 598 1456 667 stantibus.
1515 624 1519 631 ·

253 694 388 776 insuper
402 693 501 756 ctiam
516 692 600 757 lianc
620 692 796 775 predictam
816 700 936 771 terram
952 690 1096 757 litemus
1111 744 1120 771 ,
1134 694 1176 759 ab
1194 696 1286 760 omni
1303 697 1458 765 cerrima

254 792 450 859 secularium
462 812 598 855 reruma
613 799 708 874 pastu
722 789 806 871 regis
820 789 979 873 episcopis
992 788 1179 882 prmcipum
1189 843 1198 859 .
1208 812 1267 859 seu
1279 794 1458 877 pmlcctum

255 904 466 957 exactorum.
482 890 659 953 dacorum.
680 908 832 952 carrorum
846 937 856 953 .
869 887 923 952 vel
945 909 1110 971 aequcmm
1130 910 1189 955 seu
1210 892 1401 975 accipitrum
1416 892 1459 957 ab
1520 936 1524 941 -

255 991 430 1055 relectione
453 997 487 1052 et
504 988 618 1051 habitu
637 987 766 1051 illorum
788 986 936 1050 omnium
953 987 1012 1071 qui
1031 988 1186 1053 dicuntur
1196 991 1401 1073 semtinqmcs
1417 990 1475 1057 aba
1494 992 1498 999 '

237 1129 240 1135 ·
256 1089 409 1153 omuibus
424 1086 586 1150 laboribus
601 1086 769 1169 operibus.
784 1095 819 1147 et
833 1086 984 1148 oneribus
998 1134 1007 1148 .
1022 1086 1091 1149 sive
1105 1086 1352 1153 difficultatibus
1365 1138 1376 1155 .
1388 1088 1462 1173 quit

256 1187 332 1271 plus
346 1187 499 1249 minusve
513 1184 687 1247 numerabo
702 1182 754 1246 vel
768 1182 842 1245 dico
856 1233 864 1246 .
879 1184 921 1246 ab
935 1183 1022 1247 omni
1037 1170 1251 1267 grauioribus
1265 1188 1460 1272 magloribus

257 1286 406 1349 mimniis
421 1333 429 1348 .
445 1284 530 1347 notis
544 1282 662 1364 ignotis
676 1281 819 1364 umlique
835 1280 972 1353 liberata
985 1294 1172 1365 perinaireat
1186 1284 1223 1349 in
1237 1287 1335 1351 {eluro
1349 1286 1413 1351 nisi
1430 1286 1461 1353 is

259 1396 416 1466 querimur
436 1381 542 1445 causis
562 1400 624 1462 qne
647 1400 733 1441 nunc
754 1379 927 1441 nominabo
941 1429 949 1442 .
964 1380 1169 1463 expolitione
1190 1394 1304 1447 contra
1323 1404 1463 1467 paganos
1559 1426 1563 1435 ·

260 1489 371 1544 ostes.
386 1488 421 1542 et
435 1486 549 1562 pontes
565 1477 800 1541 constructione
813 1498 873 1541 seu
889 1477 972 1541 arcis
987 1478 1169 1543 mutatione
1177 1479 1230 1543 vel
1244 1479 1464 1547 uatmctiona
1534 1464 1537 1469 ’

196 1602 201 1609 ’
261 1580 296 1642 in
307 1578 423 1642 cer-iem
436 1586 532 1661 gente
547 1586 580 1640 ct
595 1575 755 1657 singulare
769 1575 911 1657 pretium
927 1575 1012 1638 foras
1027 1574 1140 1639 redum
1151 1626 1159 1639 .
1171 1576 1350 1642 secundum
1364 1570 1479 1643 ritum·

261 1675 491 1760 gentesillius.
504 1682 654 1738 ettamen
667 1672 789 1735 nullam
804 1692 922 1755 perram
937 1673 1022 1736 sams
1033 1672 1132 1737 alicui
1145 1674 1310 1758 persolvat
1322 1682 1374 1741 set
1383 1650 1482 1741 sem:

263 1800 320 1862 per
333 1780 407 1841 siue
421 1775 547 1859 aliqua.
559 1775 592 1838 ri
604 1825 611 1838 .
623 1775 722 1837 ullius
733 1794 841 1837 >urrisu
854 1823 863 1836 .
875 1774 910 1837 in
926 1774 1112 1857 integritate
1125 1775 1209 1841 liber
1222 1786 1256 1841 et
1270 1796 1382 1842 eccum
1395 1796 1467 1861 per·

265 1886 410 1941 sereret.
422 1873 580 1939 L'ullrerlo
589 1873 728 1956 episcopi
738 1882 772 1936 et
781 1871 931 1936 extalibus
942 1864 1012 1953 ejus
1024 1873 1058 1936 in
1070 1886 1234 1957 posterum
1245 1896 1320 1939 cum
1330 1876 1467 1941 certissi-

266 1976 327 2039 mis
342 1974 493 2038 tenninis
508 1974 591 2037 suis.
602 1972 774 2035 oboriente
789 1971 954 2053 cymesinc
964 2021 972 2034 .
983 1971 1016 2034 iu
1027 1972 1169 2036 australe
1183 1994 1219 2039 se
1233 1972 1307 2039 bole
1320 1972 1420 2059 pelle.
1433 1978 1469 2037 ct

267 2074 433 2138 occidente
449 2071 593 2134 ‹liorente
609 2116 617 2132 .
633 2070 674 2133 ab
688 2068 839 2151 aquilone
852 2068 1000 2132 scorlram
1015 2069 1098 2132 silba
1113 2069 1264 2135 similiter
1278 2070 1336 2155 qui
1351 2070 1471 2135 (licitur
1486 2100 1491 2129 =.

267 2184 332 2236 cert
347 2171 392 2234 ab
406 2169 590 2233 occidente.
602 2175 635 2232 et
649 2168 798 2251 aquilone
811 2174 944 2247 pueotan
958 2166 1088 2231 etlcsces
1102 2166 1181 2232 lomi
1194 2168 1231 2232 iu
1245 2169 1369 2235 oriente
1377 2188 1470 2253 cyme

268 2270 377 2351 singes
392 2277 460 2332 cert
475 2276 509 2332 et
524 2267 557 2329 in
573 2274 682 2330 austra
696 2265 817 2329 cudred
832 2315 840 2329 .
856 2265 935 2329 item
951 2265 986 2328 iu
1005 2264 1148 2331 ondrecle
1161 2275 1292 2351 mum
1306 2276 1342 2333 et
1353 2286 1471 2351 pascua
1486 2268 1491 2277 '

268 2387 438 2451 pomorum
448 2416 456 2430 .
467 2374 500 2429 et
511 2376 691 2427 armentum
707 2384 762 2427 seu
777 2384 948 2445 capromm
962 2364 1031 2428 suis
1046 2363 1145 2429 locis.
1160 2365 1197 2429 iu
1211 2364 1307 2449 hyrst
1320 2362 1472 2449 sei'ofiag

269 2466 332 2529 den
347 2516 356 2527 .
371 2464 454 2527 suad
469 2464 580 2547 liprst.
596 2462 671 2527 etsi
686 2462 759 2545 quis
773 2462 855 2525 scire
869 2460 1049 2525 desiderit.
1060 2482 1161 2545 quare
1173 2461 1259 2527 hauc
1273 2462 1392 2527 donam
1404 2468 1473 2527 mm

270 2564 479 2628 ‹leue-tissime
508 2561 665 2625 dedissem
693 2560 744 2622 rel
773 2560 954 2623 lilerassim
980 2607 988 2624 .
1015 2560 1098 2623 sciat
1126 2560 1177 2623 illi
1205 2560 1362 2625 recitatur
1387 2558 1474 2644 quod
1574 2610 1579 2619 .

275 2666 428 2750 inprimis
449 2685 507 2748 pro
529 2684 635 2727 aurore
659 2662 720 2727 Dei
739 2661 989 2744 omnispotentis
1011 2670 1047 2725 ct
1066 2682 1125 2746 pro
1140 2660 1320 2727 venerabili
1339 2660 1476 2747 gradui.

272 2765 404 2847 pruticti
418 2763 580 2846 pontilicis
592 2811 599 2824 .
612 2782 668 2824 scu
683 2760 779 2823 etiam
796 2760 1046 2824 consccmtiouis
1057 2781 1137 2825 mese
1150 2780 1250 2844 quam
1263 2761 1355 2825 abeo
1364 2760 1475 2825 ωᾶοω

274 2864 326 2926 die
340 2913 350 2926 .
364 2883 423 2945 per
440 2861 501 2923 bei
516 2859 653 2942 gratiam
668 2858 796 2940 accepi.
814 2878 873 2921 nec
893 2878 958 2921 nou
976 2878 1036 2940 pro
1056 2859 1127 2940 ejus
1147 2858 1299 2942 placabili
1317 2857 1477 2943 pecunia

275 2966 309 3029 id
338 2980 388 3029 est
420 2962 538 3026 anrrlus
567 2961 693 3025 aureus¹
709 2961 808 3023 abens
833 3009 842 3023 .
868 2976 936 3023 m
960 3009 969 3023 .
994 2975 1017 3019 v
1042 3009 1052 3023 .
1076 2980 1248 3023 mancusas
1273 3008 1282 3023 .
1306 2966 1347 3024 ut
1369 2959 1412 3024 ab
1439 2976 1478 3023 οο

275 3063 386 3144 accepi
404 3084 439 3127 -z-

319 3166 442 3224 Actum
467 3166 517 3223 est
547 3177 632 3221 arrno
664 3156 822 3220 ‹lerninice
853 3152 1176 3241 inea[r]n[a]ti[cnis]
1197 3204 1207 3218 .
1229 3168 1385 3219 nocem!
1402 3202 1412 3219 .
1429 3152 1479 3217 in·

278 3258 453 3345 dicfi‘kone]
469 3273 531 3322 ,ΧΥ
546 3306 554 3320 .
570 3256 621 3320 die
635 3275 733 3320 uero.
749 3272 793 3318 xv
808 3304 816 3319 .
831 3254 876 3317 k'l
892 3254 994 3318 octob'
1009 3303 1017 3318 .
1033 3254 1069 3316 in
1083 3253 1154 3316 loco
1167 3251 1276 3337 regale
1289 3252 1348 3336 qui
1362 3251 1481 3317 dicitur

279 3358 384 3441 ltrrlic
399 3368 460 3419 tun
476 3356 504 3419 is
519 3356 609 3419 testis
622 3353 897 3435 consentientibus
908 3359 941 3416 et
955 3350 1169 3415 scribentibus
1180 3369 1337 3433 ,quorum
1349 3347 1482 3413 nominc

279 3458 365 3519 intra
378 3456 520 3520 abeatur
533 3504 541 3519 .

415 3591 455 3669 »14
480 3588 547 3671 Ego
570 3585 718 3671 Ceolpulf
736 3605 791 3649 rex
814 3582 1009 3647 Mercicrum
1032 3581 1117 3645 banc
1144 3598 1252 3643 meam
1276 3577 1480 3643 donatiouem
1554 3566 1560 3573 ⁰

543 3686 671 3769 proprio
686 3703 783 3747 manu
799 3680 986 3745 subscribo.

418 3789 458 3867 »14
482 3786 549 3867 Ego
566 3783 699 3869 Vullred
714 3781 951 3862 arhciepiscopo
965 3774 1171 3841 consensieus
1185 3772 1373 3837 subscnbo.

417 3887 457 3965 »14
482 3886 550 3967 Ego
566 3882 660 3946 selsel
664 3880 734 3965 pald
750 3880 919 3962 episcopus
933 3874 1079 3940 consensi
1093 3892 1113 3960 J
1128 3872 1311 3936 subscribo.

418 3985 458 4063 »14
484 3984 551 4063 Ego
567 3981 704 4045 liebbun
720 3979 888 4061 episeopus
902 3973 1048 4039 consensi
1063 3992 1083 4055 ]
1098 3970 1286 4035 subscribo.
1306 4012 1310 4020 .

418 4086 458 4163 »14
483 4085 550 4164 Ego
566 4081 646 4167 Vull
648 4081 745 4143 heard
759 4080 928 4161 episcopus
943 4073 1090 4138 consensi
1104 4092 1124 4154 ]
1139 4070 1326 4135 sulscribo.

420 4184 460 4261 »14
486 4183 554 4263 Ego
571 4179 735 4242 lleaberbt
750 4171 1112 4261 episcopus-consensi]
1128 4167 1307 4251 sub[scribo
1322 4166 1347 4251 ,1

421 4285 461 4362 »14
486 4283 555 4365 Ego
571 4280 700 4363 Sigered
715 4278 781 4340 dux
796 4276 944 4340 consensi
959 4293 979 4356 ]
994 4270 1183 4335 subscribo.

764 4438 909 4504 wasa
940 4437 1046 4497 esau
