3816 5258
385 337 448 388 an.
464 323 552 423 774]
726 342 890 399 ‚marn
911 344 954 395 ro
976 345 1219 396 mammon·
1424 296 1428 304 Ι
1523 334 1589 400 305

389 669 462 735 217.
486 628 610 732 'orant
642 670 680 753 ry
694 672 822 749 norea,
841 674 960 759 narup
988 674 1028 757 os
1053 674 1225 749 remam,
1250 681 1283 738 ro
1304 674 1512 759 aarum
1540 675 1605 740 a«.

520 769 636 845 araca,
650 770 689 852 os
705 770 785 834 aar
798 778 833 834 ar
852 770 1071 848 terrama,
1084 793 1122 836 or
1137 772 1342 854 usurarum,
1355 795 1396 837 ω.
1408 773 1613 867 ‚amman
1716 752 1720 761 '

519 886 582 935 un.
603 870 676 938 774.

866 959 1002 1043 Vcnrau
1032 977 1113 1026 nou.

434 1091 474 1170 ᾧ
497 1089 639 1154 Domino
664 1097 698 1154 et
727 1091 887 1157 salvatore
912 1100 1024 1158 nostro
1054 1094 1286 1178 perpetualiter
1321 1094 1494 1178 regnanti.
1524 1095 1594 1178 ngo

388 1186 568 1250 birttrnnt's
585 1186 707 1252 Christi
728 1190 893 1254 tribuente
915 1193 1018 1275 qratia
1040 1191 1175 1256 humilis
1190 1192 1401 1257 Huicciorum
1424 1192 1594 1276 episcopus

389 1296 508 1353 terram
530 1291 714 1354 monasterii
737 1291 823 1374 quod
845 1293 1033 1356 nominatur
1048 1293 1272 1357 currunt-u
1286 1340 1294 1356 .
1310 1292 1397 1376 quod
1420 1293 1520 1357 situm
1542 1300 1595 1357 est

390 1387 422 1449 iu
450 1387 640 1452 occidentali
666 1398 759 1472 parte
780 1390 873 1453 fluuii
896 1391 953 1474 qui
975 1392 1097 1456 dicitur
1118 1392 1289 1456 irrasos.
1306 1407 1365 1454 xxl
1380 1439 1388 1455 .
1403 1391 1594 1454 manentia·
1664 1382 1666 1387 ¹

390 1506 488 1568 «priam
510 1487 662 1552 videlieet
684 1497 804 1552 terram
831 1489 968 1552 Osnnur:
994 1489 1184 1571 subregulus
1210 1488 1421 1553 Huieciorurn
1443 1489 1595 1553 Dosa-uu

391 1584 521 1649 saruuluc
551 1586 614 1649 Dei
643 1594 681 1649 ut
710 1597 796 1650 esset
821 1587 907 1667 juris
932 1586 1143 1651 ecclesiastici
1172 1586 1306 1650 tradidit
1334 1635 1343 1650 .
1373 1586 1597 1650 consentiente

391 1682 566 1747 AEllelrculo
581 1683 646 1767 rogi
670 1684 873 1748 blnreionurn
890 1735 897 1748 .
914 1685 977 1748 llla
1000 1694 1111 1748 autem
1134 1684 1301 1767 paefatam
1322 1691 1444 1747 terram
1466 1689 1541 1767 post
1561 1703 1597 1747 se
1646 1676 1650 1683 ’

391 1782 530 1865 reliquid
567 1782 793 1865 possidendam
832 1782 908 1847 filiae
945 1781 1020 1846 uliae
1050 1781 1158 1846 suad.
1191 1780 1405 1845 Hnobutarrr:
1433 1827 1441 1843 .
1472 1779 1599 1844 scilicet
1718 1768 1722 1775 ¹

391 1879 562 1943 abbatisse
587 1930 595 1944 .
622 1900 696 1944 cunr
719 1880 917 1944 conscicntia
942 1927 950 1943 .
973 1889 1071 1962 atque
1094 1878 1227 1944 licentia
1242 1929 1249 1942 .
1265 1877 1426 1961 Qeutrini
1448 1898 1600 1942 reveren·

391 1978 509 2041 cisami
524 1978 666 2061 episcopi
681 2028 689 2043 .
704 1985 740 2041 at
755 1977 811 2041 illa
828 1978 982 2061 predicta
997 1978 1194 2041 Hrobuuara
1208 1976 1371 2040 abbatissa
1384 1975 1467 2040 rnilri
1488 1976 1523 2041 in
1543 1976 1600 2059 jus

393 2076 528 2159 propriae
543 2076 703 2140 libertatis
718 2084 816 2159 cupre
839 2075 1051 2159 possessionis
1070 2073 1219 2157 largitus²
1233 2082 1305 2138 est.
1322 2073 1420 2138 Nunc
1434 2094 1510 2157 ergo
1525 2093 1599 2137 curn

392 2174 525 2238 lieentia
539 2195 702 2238 seruorum
712 2174 777 2239 Dei
792 2223 799 2238 .
815 2175 872 2258 qui
888 2175 950 2238 sub
964 2195 1037 2238 meo
1052 2174 1209 2258 regimine
1225 2172 1288 2235 Dei
1304 2171 1509 2256 prouidentia
1523 2192 1601 2236 con·

393 2274 576 2337 stituuntur
603 2321 611 2337 .
641 2272 782 2338 libenter
812 2275 1030 2337 AEbntntrton
1059 2270 1241 2335 honorabili
1278 2270 1449 2334 abbatissae
1477 2318 1487 2334 .
1523 2269 1600 2333 filiae

393 2370 530 2434 AElircdi
546 2391 617 2435 eam
634 2371 726 2434 trado
741 2421 748 2434 .
765 2371 811 2434 ita
826 2380 936 2435 tarueu
952 2380 990 2435 ut
1005 2372 1075 2453 ipsa
1091 2371 1222 2434 uiuente
1235 2368 1356 2433 lrabeat
1369 2378 1403 2431 et
1415 2367 1601 2451 possideat.

394 2478 427 2533 et
438 2480 511 2553 post
522 2470 646 2533 obitum
662 2470 733 2552 ejus
745 2469 786 2533 ad
797 2470 975 2533 aecclesiam
992 2470 1078 2532 lenti
1090 2469 1179 2532 Petri
1191 2467 1346 2551 principis
1360 2467 1600 2550 apostolorum.

393 2589 466 2651 qua
485 2569 548 2631 sita
573 2576 624 2632 est
647 2568 681 2631 in
700 2567 913 2631 versertur
942 2568 1076 2631 ciuitate
1096 2566 1154 2629 ubi
1174 2574 1208 2630 et
1229 2564 1427 2649 pontificalis
1447 2564 1603 2629 cathedra

395 2667 606 2730 Huicciorum
636 2666 847 2731 constituitur
875 2686 934 2750 pro
967 2673 1088 2730 reterna
1120 2663 1341 2747 redemptione
1369 2663 1486 2727 animae
1522 2682 1603 2727 mere
1617 2666 1634 2674 ”

394 2763 513 2830 iterum
527 2765 663 2831 reddat.
1530 2779 1533 2789 ·

440 2863 520 2926 llaec
535 2862 658 2927 curtida
673 2850 793 2945 scripta
815 2869 864 2926 est
879 2882 965 2924 anuo
980 2861 1021 2924 ab
1035 2859 1257 2924 incarnatione
1272 2858 1412 2925 Christi.
1423 2873 1487 2924 noc
1497 2906 1505 2922 .
1514 2873 1603 2924 m.

395 2976 447 3024 1111
464 3009 473 3027 .
489 2961 665 3025 indictione
680 2975 729 3023 arr
745 3010 753 3025 .
767 2958 819 3023 his
833 2959 973 3024 testibus
987 2958 1276 3022 confirmantibus.-

399 3095 402 3101 ’
528 3119 569 3199 ›1‹
591 3118 659 3202 Ego
686 3116 807 3182 lIilred
823 3168 829 3182 .
845 3117 1016 3202 episcopus
1038 3116 1125 3180 hanc
1148 3136 1254 3180 meam
1280 3114 1488 3180 donationem
1511 3115 1604 3201 signo

470 3209 475 3218 ’
658 3216 763 3281 crucis
786 3215 1005 3280 continuabo.
1021 3235 1060 3279 ca
1081 3213 1348 3279 contradictione’
1362 3220 1401 3276 ut
1419 3213 1479 3277 ille
1492 3214 1604 3300 AEbel·

656 3314 740 3377 burh
767 3313 850 3376 illud
874 3313 1107 3377 monasterium
1137 3320 1180 3375 aet
1203 3311 1500 3394 Uueogernacestre
1528 3332 1604 3376 oum

658 3416 809 3478 omnibus
838 3414 932 3478 bonis
962 3434 1035 3496 quae
1065 3413 1112 3476 ibi
1141 3420 1219 3476 sunt
1243 3419 1317 3496 post
1345 3410 1433 3475 diem
1461 3412 1533 3495 ejus
1561 3411 1604 3476 ad
1723 3447 1730 3463 ·

660 3516 944 3599 Uueogcruenscm
982 3533 1111 3598 quoque
1148 3514 1263 3578 reddat
1303 3511 1481 3577 aecclesiam
1494 3562 1503 3577 .
1518 3514 1606 3578 sicut

657 3623 856 3698 paeceptum
870 3621 940 3677 erat
954 3613 1057 3696 patris
1071 3612 1142 3693 ejus
1157 3609 1297 3674 AEltrcdi
1311 3657 1321 3674 .

398 3799 879 3854 [a.1tt8.cott.,‘ltberim.xill,t.2st.
1026 3794 1345 3849 mrsu-'kin

398 3867 451 3916 [rt]
462 3865 568 3913 Kcrnble.
579 3863 756 3916 coemptae.
763 3862 837 3905 crin
843 3877 852 3912 ι
861 3862 924 3904 troo
931 3861 981 3911 [kl
1027 3859 1071 3902 80·
1079 3858 1122 3901 No.
1131 3859 1175 3902 lu.

399 3929 452 3979 [tt]
463 3929 573 3977 licuitne.
583 3925 842 3976 clun-t.‚pp.u,m.

498 4101 507 4136 1
526 4104 604 4164 fitia,
615 4102 734 4162 omitted,
748 4099 783 4150 Κ.
797 4098 832 4150 Η.
931 4099 942 4131 1
959 4099 1070 4164 largita,
1083 4097 1118 4148 Κ.
1217 4098 1229 4130 1
1245 4097 1408 4161 &aditione
1421 4096 1457 4149 Κ.
1471 4096 1508 4150 Η.
