3816 5258
150 384 213 437 an.
230 371 319 458 8²ss
481 368 486 397 ·“
548 385 692 437 cooucm
712 372 754 435 or
774 382 953 436 cnovcsao
1051 352 1054 357 ’
1272 374 1337 441 58³

192 542 354 609 anconae
372 543 410 607 e‘a
427 565 450 607 c
470 549 706 627 wutmnpcrory
718 540 809 605 hond
819 546 899 606 .·-·“.
913 589 923 606 .
937 588 946 605 .
960 539 1013 605 .is
1033 560 1128 606 cumn
1141 540 1338 629 Cpoeabrylia
1457 596 1463 605 .

149 640 338 723 gebincgo]
354 641 532 724 biscopes]
547 642 759 726 pearapegna
777 658 820 703 on
843 638 1002 725 Cant-pora
1020 638 1102 724 byrg
1120 687 1130 704 .
1150 689 1160 706 .
1178 638 1240 723 s'z
1258 642 1297 705 in
1315 662 1339 705 a
1455 666 1482 677 ··

149 738 240 801 hond
249 739 289 822 of
297 738 346 803 the
358 740 414 802 alb
428 746 512 815 cerat,
525 739 688 822 “[HJearg
701 755 721 819 ]
734 734 968 821 Pembanlea”;
986 736 1054 799 aad
1063 738 1100 800 in
1114 760 1137 801 c
1145 736 1232 801 hond
1243 738 1282 821 cs
1289 738 1339 803 tlte

147 837 232 901 citet
246 844 329 913 cem„
343 836 523 902 “clovesho
536 836 719 901 Concilium
729 834 878 901 Wluredi
892 833 1120 919 archiepiscopi
1132 835 1168 899 in
1180 836 1340 919 presentia

151 934 294 997 Bernulfi
320 935 402 1018 regis
426 934 622 999 hlerciorum
645 933 702 997 uhi
723 933 783 997 has
804 940 906 997 terras
927 931 1103 1016 adquisivit
1122 932 1205 998 sicut
1223 934 1259 999 iu
1277 932 1341 999 hac

150 1038 239 1095 carta
253 1032 408 1115 scriptum
422 1040 472 1096 est
487 1033 619 1115 Herga.
636 1029 931 1114 Hereierbinglaud
946 1021 1138 1114 Vambelea.
1153 1029 1339 1119 Geddingc.

150 1146 170 1210 3
188 1127 222 1190 in
236 1127 352 1192 Contio
365 1136 483 1192 terram
497 1177 506 1192 .
521 1144 615 1192 xxx.
637 1127 839 1191 manentium
861 1133 896 1191 at
917 1126 1042 1192 Combe
1060 1174 1070 1193 .
1090 1130 1110 1211 j
1132 1126 1167 1191 in
1187 1126 1251 1193 alio
1269 1126 1340 1193 loco

151 1273 159 1290 .
173 1240 226 1289 1111
240 1272 248 1289 .
263 1226 464 1291 manentium
478 1226 504 1291 .”
519 1225 647 1291 “latine
659 1223 701 1290 .’.'¹

151 1342 731 1436 [armnummmouummaruuurrmm
775 1380 1229 1437 rtruounmurtnortmtar

202 1445 422 1497 coenaremus
431 1447 505 1498 rurs.
775 1444 1343 1500 rujam-nasaccennuturaun
1461 1424 1480 1429 ’“

154 1508 201 1557 [Ε]
210 1508 269 1550 Brit
278 1508 510 1560 Rhadaman.
519 1509 552 1561 pt
561 1510 595 1551 la.
826 1508 878 1557 [ι]

152 1568 382 1620 [8.]οοιιωωροηι7
389 1569 486 1611 muter
492 1569 517 1610 in
523 1569 611 1611 Britlsh
617 1570 732 1619 limum,
777 1570 828 1620 [Κ]
839 1570 946 1620 Kcmble.
954 1569 1006 1611 θοι
1013 1568 1086 1622 Dipl..
1092 1568 1136 1613 blo.
1144 1580 1220 1622 ma
1227 1569 1289 1613 trau
1295 1568 1344 1622 [Μ

207 1631 474 1682 Aahhnruhmstowa.
482 1631 570 1677 Ruit.
663 1658 666 1664 ·
740 1656 743 1660 Δ
898 1658 901 1663 ·

349 1933 420 2002 385.
443 1937 588 2001 Another
594 1939 684 2020 form
701 1939 741 2021 os
756 1936 806 2000 tlte
815 1937 982 2021 proeediap
995 1939 1161 2003 mnne

200 2073 311 2156 [Anno
328 2071 485 2136 dominice
509 2071 740 2135 incarnationis
755 2121 762 2135 .
778 2087 862 2136 θοοῦ
877 2120 884 2135 .
900 2071 987 2136 xx11²
1001 2071 1023 2155 .]
1066 2072 1244 2139 Indictiona
1257 2122 1268 2139 .
1281 2088 1346 2141 m.

156 2172 206 2235 De
218 2170 351 2234 diversis
363 2170 499 2233 Saxonie
512 2168 658 2252 partibus
673 2178 898 2253 congregatum
907 2177 958 2234 est
966 2168 1106 2233 sinodale
1115 2170 1282 2235 concilium
1291 2222 1300 2237 .
1310 2172 1347 2237 in
1389 2246 1392 2251 ,

155 2267 226 2330 loco
240 2267 389 2350 praeclaro
409 2266 466 2349 qui
487 2266 675 2329 nominatur
690 2268 867 2331 Ctovesrro
889 2266 1070 2349 presidente
1087 2267 1163 2332 huic
1176 2268 1347 2333 venerabili
1459 2326 1462 2331 ,

158 2364 292 2429 concilio
308 2365 505 2428 Brourutro
522 2364 609 2449 Rege
624 2364 819 2428 Merciorum
835 2414 842 2428 .
858 2374 892 2429 et
910 2364 1075 2429 Wnruano
1095 2365 1347 2451 archiepiscopo.

159 2463 336 2545 ceterisque
353 2462 510 2544 episcopis
532 2511 539 2524 .
560 2470 593 2526 et
617 2462 789 2525 abbatibus
818 2462 1025 2544 omniumque
1051 2462 1242 2547 dignitatum
1266 2464 1349 2549 opti·
1395 2454 1399 2459 ’
1439 2510 1476 2519 ψ
1529 2518 1570 2527 -.

160 2560 301 2623 mutibus
330 2558 647 2623 ecclesiasticarum.
676 2559 802 2623 scilicet
830 2566 864 2623 et
892 2558 1090 2625 saecularium
1117 2580 1350 2644 pemoaarum.

162 2657 335 2721 utilitatem
350 2664 383 2721 et
397 2658 620 2721 necessitatem
639 2657 846 2721 ecclesiarum
867 2656 1160 2741 menesterialisque
1173 2659 1241 2723 vite
1259 2678 1351 2745 ragn-

162 2754 228 2819 lam
255 2765 290 2820 et
318 2756 553 2819 observantiam
577 2805 584 2818 .
608 2755 801 2819 stabilitate⁸
824 2775 952 2838 quoque
981 2756 1071 2838 regni
1095 2762 1350 2839 pertractante.

163 2854 290 2918 Interea
306 2854 346 2916 ab
367 2854 516 2916 omnibus
536 2853 569 2915 in
593 2853 720 2917 eodem⁴
743 2852 856 2916 sinodo
878 2852 1093 2917 residentibus
1111 2855 1280 2938 quasiturn
1302 2860 1352 2919 est

162 2953 321 3035 quomodo
347 2953 420 3037 quis
444 2972 519 3016 cum
539 2952 673 3034 justicia
699 2951 743 3015 sit
771 2958 963 3014 tractatus.
989 2970 1047 3015 seu
1074 2952 1146 3035 quis
1168 2951 1286 3034 injuste
1308 2950 1352 3017 sit

164 3049 382 3133 despoliatus.

208 3148 299 3212 Inter
313 3147 415 3211 multa
431 3147 541 3231 itaque
555 3167 628 3231 quae
643 3147 689 3211 ibi
705 3154 776 3210 acta
790 3154 824 3210 et
842 3145 929 3210 dicta
949 3152 1025 3209 sunt
1038 3150 1048 3205 Ξ
1061 3154 1267 3211 monstratum
1280 3152 1352 3213 est.

166 3246 251 3329 quod
267 3246 415 3329 praelatus
430 3246 689 3328 archiepiscopus
703 3244 870 3309 Wltredus
887 3265 944 3328 per
962 3244 1154 3309 delacionem
1172 3252 1207 3309 et
1220 3244 1353 3309 iuimici-
1375 3286 1380 3295 -

166 3342 266 3405 ciam.
283 3354 316 3405 et
331 3343 519 3406 violenciam
534 3392 541 3405 .
558 3343 795 3426 avariciamque
811 3394 818 3405 .
834 3342 977 3407 Ceonulli
997 3342 1078 3424 regis
1091 3342 1208 3405 multas
1221 3340 1353 3424 injuriae

168 3459 336 3523 perpessus
351 3441 415 3503 sit.
430 3440 518 3504 etde
540 3460 599 3503 sua
618 3440 708 3522 justa
730 3440 949 3503 dominacione
970 3439 1175 3521 injustissime
1187 3438 1353 3523 privatus.

168 3545 235 3600 tam
251 3558 309 3620 per
323 3559 359 3601 ea
374 3559 444 3620 quae
465 3538 520 3601 hio
537 3539 723 3601 internos.
740 3538 863 3602 scilicet
882 3538 917 3600 in
931 3537 1048 3620 Anglia
1064 3588 1071 3601 .
1085 3536 1132 3599 illi
1146 3544 1222 3599 sunt
1240 3534 1352 3600 illata.

168 3654 265 3717 quam
280 3655 337 3718 per
359 3636 415 3699 illa
430 3688 436 3700 .
453 3657 526 3720 quae
548 3657 606 3719 per
624 3636 803 3717 jussionem
825 3635 1047 3718 praenominati
1068 3632 1189 3699 Ceuulfi
1210 3632 1291 3717 regis
1311 3632 1353 3697 ad

169 3733 374 3814 apostolicam
389 3733 496 3797 sedem
512 3733 637 3816 perlata
651 3741 751 3797 aunt.
796 3734 866 3797 Nec
885 3732 941 3796 ille
960 3730 1153 3795 solummodo
1166 3750 1239 3814 sepe
1251 3728 1353 3794 nomi·

170 3838 266 3893 natus
280 3829 537 3914 archiepiscopus
550 3835 559 3889 t
575 3831 631 3894 sed
647 3852 704 3915 per
722 3831 849 3896 easdem
864 3830 1081 3894 accusaciones
1093 3878 1102 3893 .
1115 3836 1148 3893 et
1161 3826 1353 3895 discordias.

170 3932 238 3989 tota
252 3948 330 4011 gens
344 3929 523 4012 Auglorum
538 3949 595 4011 per
610 3950 666 3992 sex
682 3950 838 3993 annorum
854 3930 951 3992 terme
966 3924 1137 3990 curricula.
1150 3945 1208 3989 sua
1221 3924 1353 4008 primor-
1451 4008 1456 4013 Ι

170 4020 249 4086 diali
278 4025 468 4088 auctoritate
495 4074 502 4089 .
527 4046 681 4108 sacreque
707 4026 909 4110 baptismatis
936 4023 1111 4087 ministerio
1133 4021 1257 4105 privata
1279 4020 1354 4087 ait.

171 4119 275 4202 Super
296 4121 363 4185 haec
385 4122 520 4186 omnia.
537 4123 764 4206 quadamuice
785 4123 871 4187 idem
890 4122 959 4185 Rex
980 4170 989 4186 .
1012 4118 1181 4183 Ceonullus
1198 4138 1271 4183 cum
1287 4116 1355 4183 suia

153 4218 378 4287 ‚conciliariis⁶
406 4220 543 4284 veniens
572 4221 613 4284 ad
644 4221 756 4284 villam
785 4220 922 4304 regalem
952 4269 959 4282 .
987 4214 1164 4281 lundonia·
1190 4215 1356 4279 constituit

220 4375 229 4407 ¹
247 4376 279 4427 B.
299 4380 388 4429 reads:
405 4381 566 4440 “Quomodo
588 4381 719 4431 ll'lirodus
740 4380 940 4442 archiepiscopus
960 4376 1116 4440 recuperavit
1135 4375 1256 4439 quandam
1275 4379 1357 4423 turn

171 4457 406 4510 ecclesiastieae'
1351 4458 1354 4463 '

220 4536 231 4566 ²
251 4538 327 4587 From
341 4541 458 4602 previous
471 4542 610 4603 paragraph
623 4542 649 4590 in
662 4542 728 4601 h18.;
744 4554 764 4589 11
776 4540 836 4587 here
847 4537 976 4601 evidently
987 4536 1026 4585 ίυῐ
1037 4548 1062 4587 ⁰.
1212 4532 1225 4566 ⁸
1239 4541 1309 4597 40⁸³,
1320 4530 1356 4589 fl·

174 4614 255 4680 ’ΒΜ
268 4616 302 4671 Η.
434 4621 444 4651 ⁵
463 4623 548 4684 cm,
560 4620 596 4676 Η.
726 4616 861 4683 ‘mouth
