3816 5258
292 465 357 530 250
686 481 830 531 corruere
850 481 893 530 or
914 479 1094 528 crormso.
1319 462 1395 547 [sn
1410 477 1484 548 747.

291 635 505 700 Orientalium
521 636 682 701 Saxonum
698 686 707 712 ,
722 644 756 700 et
770 635 911 699 Milredo
924 635 1121 698 Wicciorum
1138 685 1145 699 .
1160 634 1216 698 sed
1238 641 1272 700 et
1291 634 1485 700 honorabili·

290 732 350 795 bus
365 733 654 816 episcopis‚Alrrio
670 733 825 796 Lindissae
840 732 1011 815 provintiae
1023 739 1147 815 ‚atquae
1163 730 1266 815 Sicgn¹
1281 732 1484 796 Australium

289 828 453 894 Saxonum
481 855 490 910 ;
518 850 602 894 anno
631 830 799 893 doninica
829 826 1483 893 incarnationis.ncc⁰.xl.⁰.v11⁰.indic·

288 925 376 991 tione
390 936 472 990 w.
488 947 572 990 enno
587 934 695 990 eutem
706 927 796 1008 regni
806 925 976 990 Edelbaldi
991 977 1000 1001 ‚
1015 924 1099 1008 regis
1110 924 1300 989 Mertiorum
1316 925 1394 1009 ‚qui
1405 933 1485 989 tunc

287 1026 398 1091 ederat
426 1048 500 1092 cum
515 1027 581 1090 suis
603 1027 801 1110 principibus
823 1048 861 1091 ac
884 1026 1020 1090 ducibus
1035 1075 1042 1088 .
1059 1036 1174 1089 xxxffl.
1190 1029 1262 1091 11110.
1274 1026 1357 1091 Cum
1386 1026 1485 1110 igitur

288 1148 328 1192 ex
354 1128 489 1193 diversis
518 1128 692 1191 Britannice
725 1129 898 1212 provintiis
920 1129 1002 1191 sacri
1025 1127 1148 1190 ordinis
1173 1127 1300 1211 praesati
1324 1126 1486 1211 praesides,

287 1245 361 1288 cum
385 1225 516 1288 minoris
532 1225 650 1289 ordinis
673 1225 885 1309 dignitatibus
908 1225 1134 1289 conuenissent
1149 1273 1158 1299 ,
1172 1232 1205 1287 et
1226 1225 1359 1288 recitata
1378 1232 1486 1288 essent

288 1325 406 1408 scripta
421 1327 455 1389 in
470 1325 595 1390 duabus
610 1327 706 1390 cartis
721 1327 898 1391 venemndi
913 1347 1005 1410 papae
1031 1325 1192 1389 Zachmiae
1205 1375 1216 1402 ,
1229 1326 1348 1408 quibus
1362 1324 1485 1409 Anglos

288 1424 493 1487 ammonebat
513 1430 551 1487 nt
571 1425 755 1508 castigatius
775 1425 925 1488 uiuerent
939 1476 947 1499 ‚
962 1430 997 1488 et
1018 1431 1282 1506 contempnentes
1301 1443 1485 1488 excommu-

288 1525 395 1589 nicare
410 1525 612 1588 minabatur.

332 1622 440 1685 Primo
449 1622 590 1706 capitulo
599 1621 809 1687 decreverunt
818 1631 856 1686 ut
864 1622 1006 1707 episcopi
1018 1621 1187 1686 sollicitius
1199 1621 1312 1685 amodo
1321 1622 1485 1701 viverent,

289 1723 323 1782 et
336 1720 506 1785 sollicitius
521 1720 665 1784 subditos
680 1728 925 1785 ammonerent.

242 1886 245 1890 ⁴
333 1815 501 1881 Secundo.
521 1823 560 1880 ut
587 1818 718 1900 pacifico
740 1817 849 1880 animo
878 1817 1051 1894 sisterent,
1080 1817 1219 1900 quanvis
1248 1816 1327 1881 locis
1356 1817 1487 1882 diremti

289 1912 463 1997 degerent.

334 2012 461 2075 Tertio.
477 2019 516 2075 ut
529 2011 616 2075 omni
631 2031 715 2074 anuo
731 2011 915 2094 parrochias
929 2031 1004 2074 suas
1020 2010 1138 2095 singuli
1153 2011 1349 2075 circuirent.

335 2110 478 2186 Quarto.
493 2117 530 2172 ut
544 2110 679 2192 quisque
692 2110 726 2172 iu
741 2130 799 2173 sua
815 2108 933 2173 diocesi
954 2108 1087 2172 abbates
1103 2117 1137 2172 et
1151 2109 1322 2172 monachos
1337 2118 1490 2174 moneant

290 2206 480 2289 regidanter
503 2207 609 2270 rivere
624 2258 633 2284 ,
646 2216 680 2271 et
701 2206 849 2291 pne-latos
870 2207 1032 2289 subjectos
1054 2227 1128 2270 suos
1149 2227 1213 2270 non
1237 2208 1414 2290 opprimere
1432 2206 1489 2271 sed

290 2302 445 2388 diligero.

335 2401 480 2477 Quinto.
496 2407 535 2465 ut
559 2401 655 2464 etiam
678 2402 873 2465 monasteria
900 2422 973 2485 quae
996 2400 1153 2466 seculares
1178 2401 1323 2466 homines
1345 2422 1490 2485 pervese-

291 2508 365 2564 mnt
377 2550 385 2574 ‚
399 2521 459 2564 nec
477 2506 556 2564 tunc
576 2501 617 2565 ab
639 2501 686 2565 eis
707 2503 826 2565 auferri
849 2509 1001 2585 poterant
1014 2552 1023 2577 ‚
1038 2501 1190 2565 docerent
1210 2502 1398 2586 regulariter
1418 2524 1492 2567 con·

291 2601 434 2665 rasori.

335 2697 434 2761 Sexto
449 2747 456 2761 .
472 2718 512 2762 ne
527 2698 643 2780 uliquis
658 2699 824 2763 ordinetur
839 2750 846 2774 ,
863 2698 926 2762 nisi
942 2699 1033 2781 prius
1048 2699 1117 2779 ejus
1133 2699 1201 2762 rita
1213 2700 1435 2764 exuminetnr.

335 2794 501 2878 Septimo.
518 2804 555 2858 ut
573 2817 630 2879 per
650 2797 843 2860 monasteria
863 2797 960 2861 lectio
982 2805 1165 2860 sanctorum
1186 2797 1415 2880 scripturarum
1432 2797 1493 2862 ire·

290 2900 488 2976 quentetur.

336 3003 489 3068 Octavo.
513 3012 550 3068 ut
573 3005 740 3089 presbiteri
762 3027 827 3069 non
855 3005 923 3069 sint
949 3005 1150 3088 negotiorum
1176 3004 1365 3068 secularium
1387 3005 1494 3088 dispo·

291 3086 429 3152 nitores.

337 3184 434 3248 Nono
448 3236 456 3250 .
472 3195 511 3250 ut
533 3188 593 3271 ipsi
609 3189 777 3271 presbiteri
798 3210 864 3252 non
887 3189 1047 3271 accipiant
1065 3187 1203 3270 pretium
1224 3208 1281 3272 pm
1296 3187 1496 3252 babtizandis

294 3287 428 3370 pueris.

338 3383 494 3448 Decimo.
511 3392 548 3448 ut
564 3386 756 3451 dominicam
769 3388 948 3452 orationem
971 3393 1005 3451 et
1028 3387 1200 3451 simbolum
1222 3388 1355 3471 Anglico
1370 3387 1497 3451 discunt

293 3487 328 3544 et
342 3480 500 3546 doceant.

340 3577 575 3643 Undecimum
586 3601 695 3645 omnes
707 3601 772 3644 uuo
781 3581 956 3665 eodemque
967 3581 1061 3644 niodo
1070 3603 1128 3643 sun
1143 3582 1320 3645 ministeria
1331 3590 1496 3666 peragent.

339 3675 538 3741 Duodecimo
552 3728 560 3740 .
575 3688 612 3740 ut
627 3680 771 3743 modesta
787 3702 865 3743 voce
885 3701 974 3743 sacro
989 3681 1024 3742 in
1040 3679 1184 3744 ecclesiis
1205 3689 1344 3745 cenent.

338 3771 467 3837 Tertio.
483 3773 520 3836 x⁰
536 3827 542 3838 .
559 3783 596 3838 ut
618 3797 682 3839 uno
704 3777 880 3860 eodeurque
904 3790 1048 3859 tempore
1072 3777 1192 3860 ubique
1214 3777 1380 3842 dominice
1406 3777 1496 3841 iesti-

294 3871 414 3937 ritates
429 3882 461 3937 et
477 3886 658 3940 sunctoruui
674 3878 822 3940 natalitio
842 3877 1066 3941 celebrentur.

339 3970 463 4046 Qunrto
478 4023 484 4034 .
501 3973 537 4035 κο
553 4023 561 4037 .
577 3985 614 4036 ut
629 3975 860 4037 honorabiliter
874 3975 1064 4038 olserretur
1083 3975 1263 4038 dominicus
1276 3973 1366 4038 dien.

339 4068 491 4144 Quinto.
516 4069 550 4132 κ’
573 4121 580 4133 .
603 4080 639 4134 ut
662 4081 784 4155 septem
808 4075 968 4136 canonice
992 4073 1076 4135 lione
1097 4073 1211 4136 «hobus
1236 4071 1371 4156 singulis
1391 4073 1498 4137 obser-

295 4175 436 4231 rentur.

340 4264 439 4328 Sexto
461 4316 468 4329 .
492 4264 528 4328 x·
550 4316 558 4330 .
581 4277 618 4330 ut
641 4268 843 4350 rogationum
865 4268 990 4332 disset
1013 4268 1173 4331 minorum
1197 4276 1230 4331 et
1254 4269 1410 4351 majorum
1432 4287 1498 4331 non

297 4363 513 4426 omittentur.

342 4459 491 4542 Septimo
505 4510 512 4522 .
528 4460 565 4523 ι’
580 4511 587 4525 .
604 4469 640 4525 nt
663 4462 825 4527 iestisitas
848 4465 952 4527 suncti
976 4464 1121 4546 Gregorii
1142 4470 1176 4526 et
1202 4463 1376 4545 Augustini
1398 4462 1501 4546 petris

300 4557 402 4620 nostri
418 4557 624 4623 obscuretur.

456 4713 465 4748 ¹
482 4717 821 4784 8ἰφ(το18’ῃὴ1ω),Α.;
836 4721 934 4781 siem,
947 4716 993 4771 se
1011 4718 1096 4785 Sino,
1108 4717 1156 4779 Ως
1172 4715 1294 4780 Μὴ,
1308 4714 1343 4768 0·
