3676 5294
321 367 385 431 248
702 379 863 427 munuca
883 377 927 426 ro
948 373 1150 423 marusim
1355 361 1435 444 [an.
1451 378 1524 446 745.

319 536 404 620 qnie¹
426 535 561 619 perditis
583 535 726 598 moribus
751 533 891 618 patriam
912 529 1112 616 pessundet!
1131 529 1218 593 sicut
1240 529 1526 613 Burgundionibus

320 645 355 701 et
368 636 621 701 Provintialibus
635 643 669 699 et
684 634 841 718 Hispanis
859 632 1019 716 contigit.
1034 650 1116 714 quos
1136 630 1287 694 Saraceni
1303 631 1416 698 multis
1431 637 1526 701 annis

320 733 540 798 infestarunt.
560 739 690 816 propter
718 737 849 814 peccata
870 729 1062 814 praeterita.
1085 728 1246 791 Praeterea
1266 730 1453 796 nuntiatum
1476 741 1525 798 est

320 836 412 899 nobis
438 841 446 896 t
476 833 563 916 quod
598 830 702 894 multa
737 829 907 914 pnivilagia
942 829 1151 893 ecclesismm
1188 835 1223 893 et
1258 832 1524 899 monasteriorum

320 933 489 997 auferens.
511 930 553 994 ad
575 929 636 993 hoc
657 928 842 992 audendum
864 927 962 991 duces
984 926 1056 990 tuo²
1077 926 1227 1010 exemplo
1250 930 1415 1010 prurooes³
1437 979 1445 994 .
1468 932 1525 996 sed

320 1031 459 1112 recogita
473 1047 581 1112 quaeso
596 1047 694 1110 quam
709 1025 885 1090 terribilem
901 1024 1080 1088 uindictam
1092 1026 1184 1089 Dens
1195 1025 1231 1088 in
1246 1027 1420 1091 anteriores
1435 1049 1525 1112 reges

320 1127 487 1192 exercuit!
503 1127 573 1207 ejus
588 1124 703 1207 culpe‘
718 1124 861 1187 conscios
872 1143 971 1206 quarn
987 1123 1023 1186 in
1040 1131 1072 1186 te
1087 1122 1253 1204 arguimus
1268 1172 1276 1187 .
1292 1123 1377 1187 Nam
1394 1125 1525 1191 Clrclre·

320 1224 410 1288 dum⁵
435 1222 710 1307 praedecessorem⁸
730 1227 946 1303 stupratorem
966 1219 1264 1299 sanctimonialium
1283 1269 1291 1284 .
1307 1227 1341 1284 ct
1360 1221 1525 1287 ccclesias·

218 1333 221 1338 '
319 1323 455 1386 ticomm
477 1319 716 1404 privilegiomm
742 1319 912 1382 fractorem
940 1367 948 1382 .
972 1317 1143 1400 splendide
1165 1339 1240 1381 cunr
1263 1319 1331 1382 suis
1352 1322 1525 1387 comitibus

319 1422 504 1505 epulantem
515 1421 647 1504 spiritus
662 1418 823 1502 malignus
837 1419 974 1502 arripuit
988 1468 996 1482 .
1012 1426 1047 1482 et
1060 1419 1131 1482 sine
1146 1419 1347 1485 confessione
1362 1429 1395 1486 ct
1407 1423 1526 1487 viatico

317 1541 392 1584 cum
413 1518 541 1583 diabolo
565 1517 815 1581 sennucinanti.
837 1525 871 1580 et
893 1515 998 1598 legem
1024 1516 1089 1580 Dei
1111 1515 1287 1579 detestanti
1307 1517 1448 1581 animam
1468 1540 1525 1583 ex.

317 1619 432 1683 torsit.
448 1615 606 1680 Osredum
618 1635 746 1697 quoque
761 1634 866 1696 regem
878 1614 1052 1677 Deirorunr
1065 1622 1099 1677 et
1113 1614 1334 1678 Berniciorum
1349 1616 1524 1681 eorundem

317 1716 484 1798 culparum
499 1712 603 1777 reun1⁷
618 1713 664 1775 ita
679 1713 838 1775 effraenem
849 1712 916 1794 egit
930 1716 939 1770 Ξ
954 1719 992 1774 ut
1007 1732 1143 1795 regnum
1155 1719 1189 1774 et
1199 1711 1380 1792 juvenilem
1394 1721 1523 1779 aetatem

317 1811 552 1895 contemptibili
566 1818 669 1874 morta
679 1811 844 1873 amitteret
855 1859 861 1872 .
872 1808 1009 1873 Carolus
1020 1829 1150 1892 quoque
1165 1810 1316 1892 princeps
1327 1809 1523 1876 Francorum

318 1910 581 1975 monasteriorum
597 1907 772 1971 multorum
791 1927 919 1971 eversor
932 1958 940 1972 .
955 1915 990 1970 et
1009 1907 1298 1971 ecclesiasticarum
1314 1909 1523 1991 pecuniarum

318 2009 351 2072 in
367 2029 445 2072 usus
456 2006 599 2091 proprios
613 2010 826 2069 commutator
840 2009 848 2063 Ξ
860 2003 957 2088 longa
971 2004 1113 2069 tortione
1127 2012 1162 2069 et
1176 2005 1315 2069 verenda
1330 2015 1433 2072 morte
1448 2028 1523 2072 mn·

317 2111 466 2188 sumptus
480 2102 565 2168 est'.

360 2202 562 2285 Quapropter
582 2199 628 2262 tili
654 2198 824 2263 karissime
845 2199 989 2282 paternis
1010 2206 1045 2263 et
1064 2199 1214 2262 subnixis
1236 2200 1385 2284 precibus
1411 2201 1523 2284 depre-

316 2320 428 2362 camur
441 2348 449 2362 .
464 2305 502 2360 ut
525 2318 590 2361 non
612 2296 770 2381 despicias
791 2297 964 2360 eonsilium
981 2305 1112 2380 patrum
1135 2303 1287 2362 tuorum!
1304 2299 1361 2381 qui
1386 2319 1444 2382 pro
1459 2303 1522 2366 Dei

316 2415 423 2458 amore
438 2393 661 2458 celsitudinem
678 2403 768 2456 tuam
779 2392 941 2477 appellare
953 2401 1104 2476 satagunt
1115 2445 1122 2458 .
1134 2394 1247 2458 Nichil
1261 2395 1349 2459 enim
1360 2396 1445 2459 bono
1455 2399 1523 2482 regi

316 2492 476 2555 salubrius
486 2497 494 2554 Ξ
506 2511 603 2575 quam
615 2491 642 2554 si
652 2490 731 2553 talia
742 2491 911 2554 commissa
923 2511 997 2554 curn
1009 2499 1191 2573 arguuntur
1201 2492 1341 2557 libenter
1349 2495 1523 2561 emenden-

315 2599 370 2652 tur
384 2639 391 2653 .
406 2589 483 2673 quia
498 2608 555 2671 per
574 2586 777 2651 Salomonem
792 2587 912 2650 dicitur
927 2635 936 2652 .
951 2588 1054 2664 “Qud
1068 2588 1177 2673 diligit
1191 2588 1396 2673 disciplinam
1415 2593 1522 2678 diligit

315 2687 524 2770 sapientiaru'
550 2736 558 2750 .
584 2685 662 2749 Ideo
685 2685 732 2748 lili
758 2685 1175 2750 karissime.ostendeutes
1200 2687 1372 2751 consilium
1394 2691 1521 2772 justum

314 2792 533 2848 contestamur
546 2790 580 2848 et
590 2782 793 2846 obsecramus
808 2804 866 2866 per
881 2784 1048 2847 uiuentem
1064 2783 1171 2848 Deum
1188 2833 1196 2849 .
1210 2791 1246 2849 et
1259 2805 1318 2868 per
1331 2786 1436 2850 lilium
1451 2790 1522 2872 ejus

313 2881 450 2945 Jhoeurn
474 2881 662 2946 Christum.
678 2887 712 2944 et
733 2900 790 2963 per
811 2880 971 2964 Spiritum
993 2890 1143 2945 sunctum
1166 2890 1205 2945 ut
1226 2884 1400 2948 recorderis
1422 2907 1520 2968 quarn

313 2981 451 3059 fugitiva
471 2979 515 3041 sit
536 2977 605 3040 rita
628 2998 767 3061 praesens
785 3027 793 3042 .
814 2983 848 3041 et
868 2997 967 3060 quam
989 2979 1098 3042 breuis
1119 2988 1154 3043 et
1175 3000 1274 3063 quam
1296 2990 1521 3048 momentanea

312 3079 482 3144 delectatio
491 3099 613 3161 spurce
628 3078 732 3142 carnis
746 3081 755 3138 Ε
770 3086 805 3142 et
814 3098 912 3160 quam
925 3078 1179 3162 ignominiosum
1195 3080 1255 3144 sit.
1270 3086 1309 3144 ut
1323 3082 1429 3147 brevis
1444 3086 1520 3150 vitae

312 3176 408 3240 bomo
422 3174 508 3238 mala
522 3175 669 3257 exempla
687 3175 720 3237 in
736 3183 929 3257 perpetuum
944 3178 1084 3258 posteris
1098 3177 1262 3259 relinquat
1287 3228 1294 3241 .
1318 3178 1431 3263 Incipe
1446 3200 1521 3265 ergo

312 3274 499 3337 melioribus
514 3272 656 3335 moribus
678 3273 780 3334 vitam
792 3292 982 3354 componere
997 3323 1005 3335 .
1022 3282 1057 3337 et
1071 3276 1252 3356 preteritas
1270 3296 1392 3340 errores
1402 3278 1521 3360 juven·

312 3373 393 3435 tutis
415 3372 567 3452 corrigere
585 3376 594 3431 t
614 3378 652 3432 ut
677 3368 731 3433 hic
757 3389 864 3433 coram
884 3369 1079 3435 bominibus
1105 3370 1236 3435 laudem
1258 3372 1377 3438 babeas
1399 3423 1407 3438 .
1429 3384 1464 3439 et
1485 3376 1520 3440 in

310 3469 418 3532 tuturo
432 3478 551 3532 aterum
564 3468 665 3550 gloria
675 3466 814 3550 gaudeas
829 3516 837 3530 .
853 3466 969 3532 Valere
986 3468 1216 3534 celsitudinem
1228 3479 1321 3535 tuam
1335 3479 1369 3536 et
1379 3473 1414 3536 in
1426 3474 1520 3538 bonis

312 3566 454 3629 moribus
469 3566 620 3649 prolicere
635 3571 806 3647 optamus.

309 3738 361 3788 [k]
377 3737 432 3780 nra
451 3738 522 3787 lun.
536 3736 584 3779 tls.
602 3736 668 3788 ιιι..
685 3738 711 3778 tt
729 3736 757 3780 D.
773 3737 800 3785 ll.
816 3736 836 3780 l.
854 3739 888 3779 tt.
939 3737 988 3788 11]
1004 3739 1306 3792 meseum-trusa
1321 3742 1522 3799 Πυαήμι

308 3798 730 3912 thimo'ssiyummw.
756 3859 818 3909 (Dal
937 3800 1229 3914 wilkiffi'wmm.
1256 3866 1396 3922 (hunt.)

309 3923 361 3973 [tt]
375 3920 855 3974 medianamseuorsauna
938 3924 1259 3976 ΒΗΜΛ-καὶαπ
1287 3928 1353 3979 (na)

936 3985 1299 4038 Emmmnbtelttm
1326 3990 1388 4042 (Du)

355 4116 550 4183 litemque&
641 4116 1009 4181 'Tumlnsomellffidt
1110 4120 1308 4186 'Prema
1395 4128 1520 4194 *Νη

306 4199 424 4260 omitted,
436 4197 470 4250 Β.
617 4199 628 4232 ⁸
645 4199 790 4255 celredum.
803 4197 837 4249 Β.
983 4200 997 4232 ⁶
1021 4203 1117 4262 Tuum.
1128 4206 1211 4254 added
1223 4207 1250 4255 in
1261 4223 1332 4258 nme
1341 4209 1423 4271 188,
1435 4209 1470 4260 Η.
1484 4210 1518 4262 B.

304 4274 484 4341 iliarum&
584 4277 1146 4340 'Etintmddeoismttmtta
1243 4286 1438 4346 Ῥιπιὶῌ.
