3816 5258
249 391 313 442 nn.
330 380 420 464 745.]
495 400 651 449 corruisti
671 400 713 450 m
736 400 892 449 nnousuu
914 401 940 449 n
961 401 1003 450 or
1024 401 1257 454 assumatur.
1387 392 1451 454 tet

252 657 324 726 170.
349 660 452 726 Gracci
473 666 513 749 by
536 665 677 732 canina
697 672 736 753 os
752 671 801 733 tlte
817 669 948 732 Genucii
969 675 999 730 to
1019 668 1119 732 Attae
1140 670 1292 754 Aldltdm
1314 669 1394 753 [ΙΙ]
1420 671 1460 752 os

380 761 603 926 {Iglffiburg
627 767 665 848 of
693 768 773 831 laad
801 774 836 829 at
869 766 1014 875 Mun,
1038 786 1075 829 or
1102 765 1254 846 Wootton,
1276 788 1316 831 eo.
1352 766 1454 831 tha

295 991 359 1057 De¹
373 993 520 1059 Wdetun
542 1018 639 1080 quam
655 999 837 1064 Cudmdus²
850 1019 907 1062 rex
921 996 1095 1062 Aldhelmo
1108 997 1242 1081 praesuli
1255 997 1455 1081 cenobioque

253 1086 464 1154 Meidunensi
479 1092 599 1177 dapsili
612 1095 808 1160 liberalitate
822 1094 956 1178 largitus
970 1101 1042 1158 est.

295 1186 377 1269 Eg0⁸
406 1187 723 1269 curmmos‚1ex
745 1193 944 1258 Gewisorum
967 1243 975 1266 ,
996 1199 1128 1274 cogente
1154 1199 1269 1256 catena
1297 1192 1456 1256 carimtis⁴

253 1281 374 1347 Christi
389 1292 424 1348 et
445 1287 656 1353 inditisibilis
669 1291 787 1353 affectu
808 1289 1210 1363 dilectionis‚Atnns1„uo
1231 1288 1343 1353 abbati
1361 1289 1456 1352 iami-

251 1379 368 1463 liteque
385 1382 447 1446 sub
470 1384 560 1448 illius
582 1388 747 1469 regiminis
772 1407 880 1449 amore
894 1385 1022 1469 degenti
1045 1436 1053 1462 ,
1075 1406 1150 1448 cum
1177 1407 1335 1450 consensu
1357 1394 1456 1470 atque

252 1478 401 1543 scientia⁸
426 1481 538 1545 eximii
564 1484 710 1565 praesulis
735 1482 916 1546 Danihelis⁶
940 1482 1212 1565 obtimatumque⁷
1235 1503 1380 1548 meorum
1409 1478 1459 1548 et·

252 1576 449 1659 dignitatum
464 1630 474 1656 ,
487 1581 529 1643 ob
551 1579 955 1644 recordationem⁹sci1icet
975 1579 1156 1641 orationum
1176 1596 1308 1642 suarum
1328 1579 1388 1644 et¹⁰
1406 1584 1456 1645 re‘·

252 1676 473 1760 demptionem
495 1680 615 1745 animae
637 1702 717 1744 mec
733 1731 741 1757 ,
755 1680 841 1743 utin
857 1679 1060 1762 plenitudine
1082 1678 1258 1742 electorum
1274 1680 1338 1743 Dei
1359 1681 1457 1743 collo·

252 1781 343 1838 estus
352 1775 413 1837 sim
430 1783 544 1852 ‚terrae
563 1785 687 1859 partem
701 1778 736 1840 iu
750 1774 1006 1839 inextricabilem
1017 1775 1253 1857 possessionem
1264 1777 1300 1839 in
1313 1775 1384 1839 loco
1399 1779 1457 1859 qui

253 1871 373 1935 dieitur
393 1874 586 1937 iterumn.
598 1874 659 1937 sub
676 1922 684 1938 .
699 1890 723 1937 x
738 1922 745 1936 .
760 1873 965 1936 mansionum
987 1872 1192 1936 estimatione
1213 1879 1358 1936 taxatam
1373 1923 1383 1948 ,
1396 1874 1458 1938 sub

255 1975 491 2038 contestatione
507 1982 627 2038 sancire
642 1975 799 2039 trinitatis
815 2025 823 2051 ,
838 1974 955 2056 dapsili
970 1974 1100 2056 quidem
1115 1973 1312 2038 liberalitate
1326 1983 1361 2038 et
1375 1974 1458 2038 bila·

254 2071 333 2135 riter
354 2071 396 2134 ad
419 2072 656 2136 elimenes-se
677 2072 908 2136 monasterium
929 2070 1063 2155 largitus
1086 2093 1159 2135 stim
1183 2071 1335 2155 ,Spero¹²
1349 2080 1459 2138 autem

258 2171 345 2236 felici
364 2173 518 2237 videlicet
539 2182 685 2238 mercatu
699 2224 707 2250 ‚
722 2173 878 2242 tradendo
892 2172 1078 2255 temporalia
1094 2181 1128 2237 et
1143 2194 1216 2256 quse
1230 2172 1385 2237 videntur
1399 2225 1408 2250 ,
1421 2195 1460 2239 ea

256 2268 429 2333 dumtaxat
442 2291 515 2352 quse
531 2291 596 2334 non
612 2270 765 2335 videntur
778 2279 874 2353 atque
889 2269 1049 2333 indefecta
1063 2269 1290 2351 perhennitate
1311 2291 1460 2354 perman·

257 2387 331 2431 sum
353 2387 405 2432 me
420 2368 637 2451 adepturum.
657 2368 707 2432 Sit
726 2377 835 2432 autem
857 2366 1008 2451 praedicta
1029 2368 1188 2450 possessio
1210 2368 1312 2450 ipsius
1334 2388 1461 2433 menas-

257 2464 331 2527 terii
347 2465 461 2528 usibus
476 2465 659 2547 mancipata
673 2465 825 2546 deinceps
839 2463 1020 2527 inoessabili
1035 2463 1175 2546 jugitate
1190 2513 1199 2528 .

301 2562 336 2625 Si
357 2563 432 2645 quis
452 2562 552 2645 hujus
566 2562 747 2647 largitionis
763 2583 841 2625 mere
857 2563 972 2644 stipem
985 2560 1155 2643 tyrannim
1170 2561 1274 2625 fretus
1288 2561 1463 2626 insolentia
1572 2552 1579 2571 '

219 2723 221 2727 Α
256 2661 402 2745 qualibet
423 2663 589 2726 occasione
611 2663 843 2744 interrumpere
866 2670 963 2743 atque
983 2661 1017 2722 in
1039 2660 1168 2722 irritum
1190 2658 1349 2724 deducere
1371 2661 1461 2726 nisus
1502 2657 1506 2663 ⁵

256 2761 371 2825 tuerit!
395 2762 440 2826 sit
461 2782 481 2825 a
502 2763 664 2826 consortio
679 2763 804 2845 piomm
823 2760 932 2823 ultimi
946 2758 1129 2822 ventilabm
1150 2761 1310 2824 examinis
1332 2781 1462 2844 seques·

256 2867 361 2923 tratas
376 2861 605 2943 rapaciumque
620 2860 754 2943 collegio
769 2859 971 2922 combinatus
980 2857 1143 2920 violentiae
1158 2878 1225 2920 suae
1240 2878 1354 2940 poenas
1368 2859 1461 2923 luat·
1548 2856 1555 2866 ’

256 2960 291 3025 Si
305 2960 380 3045 quis
394 2981 471 3025 uem
485 2960 637 3024 benivola
651 2960 833 3024 intencione
849 2958 957 3041 potius
975 2957 1130 3040 praeditus
1147 2958 1209 3022 boc
1229 2959 1463 3024 donationem¹⁸

254 3059 410 3142 ampliare
438 3058 579 3123 voluerit
602 3109 609 3122 .
636 3057 745 3121 viden
773 3076 873 3118 ovans
902 3055 985 3117 bona
1015 3052 1140 3117 domini
1174 3075 1250 3119 cum
1273 3056 1462 3140 angelorum

255 3155 462 3239 agminibus.
1446 3149 1449 3154 “

300 3252 501 3334 Exentplar¹⁴
515 3251 616 3332 hujus
629 3249 810 3332 largitionis
825 3246 1063 3331 pmmnlgatum
1080 3255 1129 3312 est
1152 3269 1240 3313 anno
1259 3250 1302 3314 ab
1315 3251 1462 3314 incarne·

257 3349 346 3413 tione
362 3349 504 3413 Christi.
520 3346 692 3412 ncc⁰xn⁰r⁰
710 3395 718 3410 .
735 3348 768 3409 in
785 3345 940 3428 praedicto
954 3345 1086 3409 cenobio
1101 3346 1164 3409 sub
1175 3348 1347 3430 prasentia
1361 3348 1464 3412 cnth-

257 3444 326 3509 redi
341 3446 425 3529 regis
439 3445 527 3527 qnod
543 3445 679 3527 pmpriae
693 3464 810 3506 manus
824 3442 1046 3504 munificentia
1060 3443 1173 3506 sotira
1194 3464 1272 3508 vero
1293 3443 1464 3509 devotione

256 3541 372 3604 altario
393 3562 483 3604 sacro
504 3541 744 3604 commendavit
759 3589 766 3602 .
782 3539 825 3602 Et
844 3539 904 3601 boc
922 3544 1030 3601 actum
1053 3548 1103 3602 est
1123 3539 1189 3602 biis
1203 3541 1417 3624 optimatibus
1429 3550 1465 3606 et

258 3638 472 3721 dignitatibus
495 3637 773 3702 consencientibus
788 3656 924 3719 quorum
942 3635 1076 3699 inferius
1097 3637 1232 3700 nomina
1253 3639 1392 3723 propriis
1413 3639 1464 3703 in·

259 3735 329 3800 dita
342 3742 420 3798 sunt
436 3733 726 3818 subscriptionibus
743 3781 752 3798 .

390 3885 431 3964 ᾧ
455 3885 524 3966 Ego
539 3881 657 3947 Daniel
668 3882 729 3946 Dei
739 3880 844 3964 plebis
858 3878 1026 3943 famulus¹⁸
1035 3886 1070 3942 et
1084 3880 1269 3963 speculator
1289 3883 1464 3968 subscripsi

520 3980 604 4042 banc
637 3978 846 4042 donacionem
876 4027 884 4041 .
913 3983 948 4040 et
977 3976 1252 4042 confirmaeione¹⁸
1266 3988 1373 4043 ratum
1396 3981 1465 4045 fieri
1511 4066 1514 4074 Ι
1552 4046 1555 4053 ,

520 4078 676 4162 suumn

308 4211 318 4244 ¹
335 4212 397 4262 Thi·
408 4213 467 4261 title
478 4218 525 4260 not
536 4212 562 4260 in
574 4209 610 4261 Ο.
625 4209 659 4259 0.
768 4209 779 4241 ¹
795 4208 952 4265 cuderudus,
968 4205 1000 4257 Β.
1131 4207 1144 4238 ⁸
1160 4210 1216 4274 Ego
1218 4247 1278 4260 ......
1281 4211 1389 4275 largitus
1399 4230 1464 4266 sum.

261 4293 317 4343 ‘l‘bc
328 4298 386 4341 text
396 4293 424 4341 ot
440 4292 493 4340 tbis
504 4307 608 4354 punge
618 4291 685 4339 irum
697 4287 732 4340 Ο.
847 4290 857 4319 ⁴
874 4288 993 4337 Caritatis
1004 4288 1120 4348 cathena,
1132 4287 1166 4338 Α.
1181 4289 1214 4340 Β.
1229 4288 1263 4341 0.
1373 4293 1384 4324 ⁸
1400 4296 1465 4344 cm.

261 4374 377 4432 seiencia,
389 4371 423 4422 Α.
438 4371 471 4421 Β.
553 4369 565 4401 ⁸
582 4370 703 4430 Danielis,
714 4368 747 4417 Α.
762 4368 795 4418 Β.
809 4366 844 4418 0.
926 4367 1024 4430 ²01a,
1036 4367 1070 4417 Α.
1085 4366 1117 4417 Β.
1132 4367 1167 4420 0.
1250 4370 1323 4432 'Aa
1334 4371 1368 4422 Α.
1383 4372 1416 4424 Β.
1430 4373 1465 4425 0.

259 4454 271 4487 ⁸
287 4453 512 4510 Rccordationum.
525 4450 559 4501 Α.
679 4448 701 4480 ¹⁰
717 4449 757 4509 In,
768 4447 802 4498 Α.
933 4447 952 4479 ¹¹
970 4449 1103 4508 unauna,
1116 4447 1152 4498 0.
1284 4449 1306 4484 ι’
1321 4452 1401 4515 Spem
1403 4490 1464 4506 ......

261 4534 414 4597 agminibus,
425 4532 544 4592 omitted,
555 4529 591 4581 0.
690 4528 711 4560 ¹⁸
727 4530 892 4588 Donatirum,
904 4526 937 4576 Α.
952 4525 984 4577 Β.
1083 4526 1106 4558 ¹⁴
1123 4528 1263 4591 Exemplar
1264 4566 1325 4580 .....
1327 4532 1400 4593 rugis,
1411 4541 1469 4584 text

262 4615 329 4664 cmm
341 4611 385 4673 0.,
397 4612 480 4662 which
491 4612 555 4660 ends
566 4618 595 4659 st
604 4609 658 4659 cni·
668 4611 748 4673 point
870 4607 889 4640 ¹⁸
905 4607 1026 4668 famulis,
1040 4604 1074 4655 Α.
1193 4607 1214 4638 ¹·
1232 4611 1421 4668 conantium,
1434 4612 1468 4664 Β.

264 4692 285 4725 ¹¹
301 4694 371 4752 aut,
382 4690 429 4749 Α.;
445 4693 507 4750 laxi,
520 4689 553 4741 Β.
567 4688 602 4739 0.
