3816 5258
252 352 316 401 nn.
333 334 423 419 815]
480 350 620 399 armeno
640 354 685 401 rc
705 355 827 405 cuursr
847 356 995 418 cuuncu,
1008 354 1236 407 carmanum.
1391 346 1460 413 479

253 508 425 573 obsecrans
450 507 603 592 praecipio
626 510 781 575 omuibus
803 514 1042 579 suecessoribus
1066 512 1148 579 meis
1165 512 1251 579 banc
1271 512 1461 597 praciam

252 606 459 671 donatiouem
473 606 675 672 iucoueusse¹
687 620 722 673 et
732 610 922 675 inviolatam
936 610 1028 676 salue
1040 610 1166 676 ratione
1179 608 1462 678 servandarubine
1479 618 1483 623 '
1590 678 1594 687 ,

255 705 332 772 line²
347 726 474 788 semper
487 706 523 769 in
537 727 637 770 evum
652 730 662 772 :
676 707 740 771 hac
754 716 863 772 tamen
878 709 1065 773 conditione
1079 717 1118 773 ut
1139 708 1210 773 Deo
1224 708 1413 775 humiliores
1426 718 1464 777 et
1518 698 1523 707 ¹

252 806 408 891 gratiores
429 805 577 869 omnium
598 805 828 870 beneficiorum
851 806 914 871 Dei
936 828 1064 891 semper
1083 808 1227 873 existant
1250 856 1260 883 ,
1283 806 1463 893 seduloque
1495 794 1501 803 ¹

254 904 514 989 frequentatione
538 905 704 968 canonicis
729 904 819 969 horis
841 905 1010 970 ecclesiam
1033 904 1155 969 Christi
1176 905 1312 969 visitent
1331 912 1463 973 oranter
1540 914 1543 919 '

254 1024 292 1067 ac
306 1001 516 1084 deprecantes
530 1022 590 1084 pro
605 1002 721 1084 seipsis
735 1003 873 1086 propriis
895 1002 1035 1086 piaculis
1056 1012 1091 1067 et
1111 1023 1170 1087 pro
1191 1002 1327 1067 aliorum
1348 998 1463 1069 remis2

254 1105 344 1167 sione
380 1108 584 1182 peccatoram
621 1100 874 1164 misericordiam
911 1101 1035 1164 domiui
1071 1100 1245 1183 implorent
1271 1148 1281 1165 .
1324 1100 1464 1167 Necnon

256 1202 388 1265 (lonium
406 1199 592 1262 resectionis
606 1207 640 1262 et-
662 1199 889 1263 dormitorium
904 1199 1120 1263 communiter
1135 1200 1348 1283 frequentent
1363 1200 1464 1285 juxta

253 1298 398 1383 regulum
420 1296 659 1360 ruonasterialis
681 1297 863 1380 disciplinae
878 1298 955 1361 vitre
970 1298 1144 1362 observant
1168 1347 1176 1361 .
1200 1296 1296 1362 Utin
1310 1296 1464 1363 omnibus

252 1402 483 1466 honorificetur
518 1402 611 1465 Deus
647 1411 681 1465 et
720 1402 788 1464 vita
825 1412 936 1465 nostra
964 1408 1000 1465 et
1028 1400 1113 1464 bena
1141 1401 1341 1465 conversatio
1369 1400 1464 1467 nobis

252 1500 434 1582 nostrisque
448 1499 597 1583 preficiat
610 1500 646 1562 iu
662 1500 785 1563 bouum
801 1552 808 1566 .
853 1501 887 1564 Si
902 1500 977 1583 quis
992 1498 1124 1563 illorum
1137 1519 1195 1583 per
1213 1498 1383 1565 audaciam
1395 1520 1464 1567 ωε

252 1597 345 1661 nrahe
360 1596 539 1661 voluntatis
553 1598 639 1661 harre
653 1598 841 1681 pnsclictarn
857 1598 1122 1663 coustitutioneru
1137 1598 1268 1663 inritam
1288 1597 1408 1663 habere
1428 1604 1464 1664 ct

252 1697 286 1760 iu
301 1695 498 1760 obliuionem
513 1695 672 1759 clelueere
688 1728 697 1772 3
711 1706 744 1760 et
758 1718 948 1780 corrgregarc
963 1696 1128 1760 carurivias
1149 1695 1190 1761 ed
1211 1695 1407 1761 uescendum
1428 1703 1465 1760 et

253 1794 431 1859 bibenehun
446 1816 502 1858 seu
518 1795 617 1858 etiam
633 1794 859 1858 ‹lomrieucluur
875 1795 910 1857 iu
925 1794 1063 1877 propriis
1078 1792 1204 1859 cellulis
1217 1792 1300 1859 sciat
1316 1814 1352 1859 se
1372 1792 1464 1879 quis·

253 1893 328 1977 quis
357 1892 414 1957 ille
439 1894 484 1957 sit
504 1902 631 1957 reatum
651 1916 688 1958 se
711 1914 781 1958 esse
803 1893 937 1976 proprius
958 1892 1047 1955 domi
1068 1900 1103 1957 et
1123 1891 1158 1955 in
1180 1900 1339 1976 potestate
1359 1890 1466 1956 archi·

254 1992 395 2075 episcopi
424 1992 466 2055 ad
494 1992 683 2057 habendum
711 1999 746 2055 et
774 1991 958 2073 cuicunque
986 1990 1019 2055 ei
1050 1990 1208 2073 placuerit
1239 1988 1426 2055 donandum
1453 2032 1465 2051 .

255 2090 322 2154 vel³
345 2101 530 2156 manentem
554 2092 667 2175 itaque
690 2090 777 2153 hauc
799 2089 963 2153 kartulam
987 2088 1024 2151 in
1048 2108 1107 2153 sua
1130 2087 1342 2152 nihilomiuus
1363 2086 1466 2153 firmi·

254 2196 345 2255 tate.

265 2399 270 2410 ⁸
388 2331 456 2414 Ego
471 2330 600 2394 ll'lfred
621 2330 726 2411 grath
741 2329 804 2391 Dei
827 2326 1088 2410 archiepiscopus
1110 2326 1201 2411 siguo
1222 2334 1342 2391 sancte
1360 2324 1468 2391 crues

517 2428 641 2493 Christi
656 2428 866 2490 confirmans⁴
880 2424 1058 2508 subscripsi
1072 2473 1081 2489 .

392 2530 432 2608 »14
456 2528 524 2611 Ego
538 2524 701 2589 Wemoth
716 2523 885 2607 presbyter
899 2523 1000 2587 abbas
1014 2521 1162 2587 consensi
1175 2529 1210 2586 et
1223 2519 1400 2607 subscripsi

388 2627 428 2705 »14
451 2626 520 2705 Ego
533 2623 734 2686 bl'ullhrnnl
748 2623 916 2706 presbyter
930 2620 1078 2685 couseusi
1092 2630 1127 2685 et
1140 2619 1337 2705 subsenpsi.

390 2726 430 2804 »14
454 2724 522 2802 Ego
536 2721 714 2784 lleamurul
730 2721 898 2804 presbyter
913 2718 1062 2783 consensi
1076 2726 1110 2782 et
1124 2716 1321 2801 subscripsi.

389 2824 429 2902 »14
453 2822 522 2904 Ego
536 2822 667 2884 Oseull
679 2821 847 2904 presbyter
861 2816 1009 2882 musensi
1024 2827 1059 2882 et
1073 2816 1269 2900 subscripsi.

389 2923 429 3001 »14
452 2921 521 3002 Ego
536 2918 689 2982 Ceolscm
705 2919 873 3001 presbyter
887 2916 1034 2981 ‹nusensi
1050 2925 1084 2979 et
1097 2914 1294 2999 subscripsi.

390 3023 430 3101 »14
456 3019 523 3101 Ege
537 3018 651 3081 Tudda
667 3018 836 3101 presbyter
850 3014 999 3079 ‹museusi
1012 3021 1047 3078 et
1061 3012 1257 3096 subscripsi.

392 3122 432 3199 »14
456 3120 523 3201 Ego
538 3117 702 3180 lliorueth
717 3116 887 3199 presbyter
900 3112 1048 3177 consensi
1063 3120 1097 3175 et
1111 3109 1308 3194 subscripsi.

391 3219 431 3297 »14
454 3218 522 3299 Ego
538 3214 735 3279 Guthmuud
750 3214 919 3297 presbyter
933 3211 1081 3275 consensi
1095 3218 1130 3275 et
1144 3208 1318 3293 subscripsi
1333 3256 1344 3277 .

391 3318 431 3396 »14
454 3316 522 3397 Ege
538 3314 723 3379 Cuthberbt
739 3314 908 3397 presbyter
922 3312 1071 3376 consensi
1085 3318 1118 3375 et
1133 3308 1328 3393 subscripsi.

389 3416 429 3494 »14
454 3416 521 3498 Ego
537 3414 704 3479 Ceeuhere
720 3412 888 3476 diaeonus⁵
901 3408 1051 3475 wuscusi
1065 3420 1099 3473 et
1113 3408 1306 3491 subscripsi.

392 3515 432 3593 »14
455 3514 524 3597 Ego
540 3513 731 3576 Brunheurd
745 3511 914 3575 diaconus⁵
928 3509 1077 3574 consensi
1092 3517 1126 3572 et
1141 3506 1337 3589 subscripsi.

392 3614 432 3692 »14
455 3613 524 3695 Ego
539 3611 712 3675 lhehl'erth
729 3607 934 3693 prrepositus⁰
947 3606 1095 3671 consmsi
1110 3615 1144 3670 et
1158 3603 1352 3688 subscripsi.

260 3789 521 3846 {Alfi-›mner'u-riq.
535 3793 644 3835 cuent.
656 3792 760 3843 nazary,
774 3792 844 3842 App„
864 3790 871 3918 Ι
894 3789 945 3838 [lb]
957 3784 1445 3839 xmbte.cd.1>tpt.n·o.oestrontkl

310 3858 378 3906 lb„-
1264 3862 1271 3873 '

312 4052 319 4082 ¹
338 4074 382 4115 -en,
398 4054 432 4104 Κ.
531 4056 543 4084 ²
558 4056 611 4104 snt
622 4057 687 4115 sino,
701 4053 752 4103 ΚΛ
834 4052 846 4083 ⁸
863 4054 889 4111 l',
901 4051 948 4111 Α.;
965 4053 991 4101 k'
1002 4052 1121 4113 (arrum),
1135 4049 1169 4100 Κ.
1267 4050 1279 4080 ⁴
1295 4050 1422 4113 limum,
1434 4046 1471 4101 Κ.

263 4130 558 4197 ’'litm·u·1.=,‹›mirau‚
571 4134 607 4188 Κ.
707 4136 720 4165 ⁸
738 4136 901 4198 l'raeymitus,
914 4134 1033 4194 omituxl,
1046 4131 1082 4183 Κ.

729 4363 732 4369 .
749 4359 1022 4371 -—---——-·
