<?xml version="1.0" encoding="UTF-8"?>
<!DOCTYPE html PUBLIC "-//W3C//DTD XHTML 1.0 Transitional//EN"
    "http://www.w3.org/TR/xhtml1/DTD/xhtml1-transitional.dtd">
<html xmlns="http://www.w3.org/1999/xhtml" xml:lang="en" lang="en">
 <head>
  <title>
</title>
<meta http-equiv="Content-Type" content="text/html;charset=utf-8" />
  <meta name='ocr-system' content='tesseract 3.04.00' />
  <meta name='ocr-capabilities' content='ocr_page ocr_carea ocr_par ocr_line ocrx_word'/>
</head>
<body>
  <div class='ocr_page' id='page_1' title='image "./cartulariumsaxo02bircgoog_0085.png"; bbox 0 0 3816 5258; ppageno 0'>
   <div class='ocr_carea' id='block_1_1' title="bbox 248 475 1452 559">
    <p class='ocr_par' dir='ltr' id='par_1_1' title="bbox 248 475 1452 559">
     <span class='ocr_line' id='line_1_1' title="bbox 248 475 1452 559; baseline 0.009 -23"><span class='ocrx_word' id='word_1_1' title='bbox 248 488 311 537; x_wconf 72' lang='lat' dir='ltr'><strong>aa.</strong></span> <span class='ocrx_word' id='word_1_2' title='bbox 327 475 524 559; x_wconf 75' lang='lat' dir='ltr'>757x775.]</span> <span class='ocrx_word' id='word_1_3' title='bbox 628 493 712 541; x_wconf 75' lang='lat' dir='ltr'><strong>orer</strong></span> <span class='ocrx_word' id='word_1_4' title='bbox 733 493 774 541; x_wconf 91' lang='lat' dir='ltr'><strong>ro</strong></span> <span class='ocrx_word' id='word_1_5' title='bbox 796 489 916 541; x_wconf 82' lang='lat' dir='ltr'><strong>ersaor</strong></span> <span class='ocrx_word' id='word_1_6' title='bbox 938 493 1073 542; x_wconf 77' lang='lat' dir='ltr'><strong>niman</strong></span> <span class='ocrx_word' id='word_1_7' title='bbox 1385 477 1452 548; x_wconf 78' lang='grc'><strong>307</strong></span> 
     </span>
    </p>
   </div>
   <div class='ocr_carea' id='block_1_2' title="bbox 251 816 1460 1182">
    <p class='ocr_par' dir='ltr' id='par_1_2' title="bbox 251 816 1460 1182">
     <span class='ocr_line' id='line_1_2' title="bbox 251 816 1460 905; baseline 0.005 -27"><span class='ocrx_word' id='word_1_8' title='bbox 251 816 323 881; x_wconf 84' lang='grc'><strong>219.</strong></span> <span class='ocrx_word' id='word_1_9' title='bbox 347 816 449 882; x_wconf 73' lang='lat' dir='ltr'><strong>(liniat</strong></span> <span class='ocrx_word' id='word_1_10' title='bbox 474 820 513 901; x_wconf 78' lang='lat' dir='ltr'><strong>by</strong></span> <span class='ocrx_word' id='word_1_11' title='bbox 540 820 619 903; x_wconf 78' lang='lat' dir='ltr'><strong>Offa,</strong></span> <span class='ocrx_word' id='word_1_12' title='bbox 639 821 730 903; x_wconf 63' lang='lat' dir='ltr'><strong>[firm</strong></span> <span class='ocrx_word' id='word_1_13' title='bbox 754 823 792 905; x_wconf 84' lang='lat' dir='ltr'><strong>os</strong></span> <span class='ocrx_word' id='word_1_14' title='bbox 812 822 862 884; x_wconf 78' lang='lat' dir='ltr'><strong>tlte</strong></span> <span class='ocrx_word' id='word_1_15' title='bbox 883 821 1047 899; x_wconf 61' lang='lat' dir='ltr'><strong>Marciam,</strong></span> <span class='ocrx_word' id='word_1_16' title='bbox 1069 830 1101 885; x_wconf 85' lang='lat' dir='ltr'><strong>to</strong></span> <span class='ocrx_word' id='word_1_17' title='bbox 1126 823 1254 898; x_wconf 63' lang='grc' dir='ltr'><strong>ΗΜ,</strong></span> <span class='ocrx_word' id='word_1_18' title='bbox 1275 821 1395 904; x_wconf 71' lang='lat' dir='ltr'><strong>eatop</strong></span> <span class='ocrx_word' id='word_1_19' title='bbox 1418 822 1460 904; x_wconf 85' lang='lat' dir='ltr'><strong>os</strong></span> 
     </span>
     <span class='ocr_line' id='line_1_3' title="bbox 388 916 1454 1004; baseline 0.004 -26"><span class='ocrx_word' id='word_1_20' title='bbox 388 916 559 990; x_wconf 73' lang='lat' dir='ltr'><strong>ll&#39;orcestcr,</strong></span> <span class='ocrx_word' id='word_1_21' title='bbox 569 919 607 1000; x_wconf 86' lang='lat' dir='ltr'><strong>os</strong></span> <span class='ocrx_word' id='word_1_22' title='bbox 616 918 697 981; x_wconf 61' lang='lat' dir='ltr'><strong>laam</strong></span> <span class='ocrx_word' id='word_1_23' title='bbox 706 926 740 982; x_wconf 73' lang='lat' dir='ltr'><strong>aa</strong></span> <span class='ocrx_word' id='word_1_24' title='bbox 758 918 893 996; x_wconf 69' lang='lat' dir='ltr'><strong>Uatiena,</strong></span> <span class='ocrx_word' id='word_1_25' title='bbox 907 941 943 982; x_wconf 85' lang='lat' dir='ltr'><strong>or</strong></span> <span class='ocrx_word' id='word_1_26' title='bbox 956 919 1269 1004; x_wconf 73' lang='lat' dir='ltr'><strong>ll&#39;iok·Episoopi,eo.</strong></span> <span class='ocrx_word' id='word_1_27' title='bbox 1281 918 1454 982; x_wconf 73' lang='lat' dir='ltr'><strong>Womrter.</strong></span> 
     </span>
     <span class='ocr_line' id='line_1_4' title="bbox 381 1013 642 1082; baseline 0.019 -6"><span class='ocrx_word' id='word_1_28' title='bbox 381 1029 443 1078; x_wconf 67' lang='lat' dir='ltr'><strong>ao.</strong></span> <span class='ocrx_word' id='word_1_29' title='bbox 460 1013 523 1080; x_wconf 78' lang='lat'><strong>757</strong></span> <span class='ocrx_word' id='word_1_30' title='bbox 533 1031 559 1080; x_wconf 80' lang='lat' dir='ltr'>x</span> <span class='ocrx_word' id='word_1_31' title='bbox 569 1014 642 1082; x_wconf 79' lang='lat'><strong>775.</strong></span> 
     </span>
     <span class='ocr_line' id='line_1_5' title="bbox 740 1114 965 1182; baseline 0.013 -3"><span class='ocrx_word' id='word_1_32' title='bbox 740 1117 794 1179; x_wconf 86' lang='lat' dir='ltr'><strong>Ao</strong></span> <span class='ocrx_word' id='word_1_33' title='bbox 816 1114 965 1182; x_wconf 69' lang='lat' dir='ltr'><strong>Wrxml</strong></span> 
     </span>
    </p>
   </div>
   <div class='ocr_carea' id='block_1_3' title="bbox 250 1251 1459 1534">
    <p class='ocr_par' dir='ltr' id='par_1_3' title="bbox 250 1251 1459 1534">
     <span class='ocr_line' id='line_1_6' title="bbox 295 1251 1456 1337; baseline 0.003 -24"><span class='ocrx_word' id='word_1_34' title='bbox 295 1252 336 1329; x_wconf 76' lang='lat'><strong>›1‹</strong></span> <span class='ocrx_word' id='word_1_35' title='bbox 361 1251 519 1316; x_wconf 84' lang='lat' dir='ltr'><strong>Omnibus</strong></span> <span class='ocrx_word' id='word_1_36' title='bbox 538 1260 629 1336; x_wconf 85' lang='lat' dir='ltr'><strong>patet</strong></span> <span class='ocrx_word' id='word_1_37' title='bbox 649 1253 797 1317; x_wconf 86' lang='lat' dir='ltr'><strong>fidelibus</strong></span> <span class='ocrx_word' id='word_1_38' title='bbox 816 1255 902 1337; x_wconf 88' lang='lat' dir='ltr'><strong>quod</strong></span> <span class='ocrx_word' id='word_1_39' title='bbox 919 1254 987 1318; x_wconf 66' lang='grc' dir='ltr'><strong>Ιιίο2</strong></span> <span class='ocrx_word' id='word_1_40' title='bbox 1001 1276 1067 1318; x_wconf 91' lang='lat' dir='ltr'><strong>non</strong></span> <span class='ocrx_word' id='word_1_41' title='bbox 1088 1255 1246 1319; x_wconf 84' lang='lat' dir='ltr'><strong>habemus</strong></span> <span class='ocrx_word' id='word_1_42' title='bbox 1269 1262 1456 1318; x_wconf 84' lang='lat' dir='ltr'><strong>manentem</strong></span> 
     </span>
     <span class='ocr_line' id='line_1_7' title="bbox 250 1347 1458 1436; baseline 0.003 -26"><span class='ocrx_word' id='word_1_43' title='bbox 250 1347 438 1411; x_wconf 80' lang='lat' dir='ltr'><strong>civitatem!</strong></span> <span class='ocrx_word' id='word_1_44' title='bbox 456 1349 553 1431; x_wconf 81' lang='lat' dir='ltr'><strong>juxta</strong></span> <span class='ocrx_word' id='word_1_45' title='bbox 566 1349 697 1434; x_wconf 80' lang='lat' dir='ltr'>gloriosi</span> <span class='ocrx_word' id='word_1_46' title='bbox 711 1351 850 1416; x_wconf 78' lang='lat' dir='ltr'><strong>docmris</strong></span> <span class='ocrx_word' id='word_1_47' title='bbox 868 1353 1014 1436; x_wconf 85' lang='lat' dir='ltr'><strong>gentium</strong></span> <span class='ocrx_word' id='word_1_48' title='bbox 1036 1352 1132 1416; x_wconf 89' lang='lat' dir='ltr'><strong>Pauli</strong></span> <span class='ocrx_word' id='word_1_49' title='bbox 1147 1373 1259 1416; x_wconf 85' lang='lat' dir='ltr'><strong>voeem</strong></span> <span class='ocrx_word' id='word_1_50' title='bbox 1276 1400 1285 1414; x_wconf 92' lang='lat'><strong>.</strong></span> <span class='ocrx_word' id='word_1_51' title='bbox 1301 1351 1458 1435; x_wconf 88' lang='lat' dir='ltr'><strong>quoniam</strong></span> 
     </span>
     <span class='ocr_line' id='line_1_8' title="bbox 251 1448 1459 1534; baseline 0.005 -28"><span class='ocrx_word' id='word_1_52' title='bbox 251 1464 308 1528; x_wconf 90' lang='lat' dir='ltr'><strong>per</strong></span> <span class='ocrx_word' id='word_1_53' title='bbox 324 1456 545 1512; x_wconf 82' lang='lat' dir='ltr'><strong>nrornentanea</strong></span> <span class='ocrx_word' id='word_1_54' title='bbox 559 1448 799 1513; x_wconf 86' lang='lat' dir='ltr'><strong>suceedentium</strong></span> <span class='ocrx_word' id='word_1_55' title='bbox 816 1459 997 1534; x_wconf 87' lang='lat' dir='ltr'><strong>temporum</strong></span> <span class='ocrx_word' id='word_1_56' title='bbox 1013 1450 1174 1515; x_wconf 86' lang='lat' dir='ltr'><strong>curricula</strong></span> <span class='ocrx_word' id='word_1_57' title='bbox 1187 1459 1222 1515; x_wconf 89' lang='lat' dir='ltr'><strong>et</strong></span> <span class='ocrx_word' id='word_1_58' title='bbox 1235 1450 1343 1515; x_wconf 85' lang='lat' dir='ltr'><strong>carnis</strong></span> <span class='ocrx_word' id='word_1_59' title='bbox 1361 1449 1459 1533; x_wconf 76' lang='lat' dir='ltr'><strong>fragi-</strong></span> 
     </span>
    </p>
   </div>
   <div class='ocr_carea' id='block_1_4' title="bbox 252 1541 1459 1706">
    <p class='ocr_par' dir='ltr' id='par_1_4' title="bbox 252 1541 1459 1706">
     <span class='ocr_line' id='line_1_9' title="bbox 252 1541 1459 1613; baseline 0.005 -9"><span class='ocrx_word' id='word_1_60' title='bbox 252 1541 378 1608; x_wconf 85' lang='lat' dir='ltr'><strong>litatem</strong></span> <span class='ocrx_word' id='word_1_61' title='bbox 403 1595 411 1609; x_wconf 91' lang='lat'><strong>.</strong></span> <span class='ocrx_word' id='word_1_62' title='bbox 433 1545 541 1609; x_wconf 88' lang='lat' dir='ltr'><strong>omnia</strong></span> <span class='ocrx_word' id='word_1_63' title='bbox 562 1545 703 1611; x_wconf 88' lang='lat' dir='ltr'><strong>labentis</strong></span> <span class='ocrx_word' id='word_1_64' title='bbox 727 1548 802 1611; x_wconf 81' lang='lat' dir='ltr'><strong>vite</strong></span> <span class='ocrx_word' id='word_1_65' title='bbox 825 1548 1041 1612; x_wconf 84' lang='lat' dir='ltr'><strong>subsistentia</strong></span> <span class='ocrx_word' id='word_1_66' title='bbox 1061 1548 1215 1613; x_wconf 79' lang='lat' dir='ltr'><strong>festinare</strong></span> <span class='ocrx_word' id='word_1_67' title='bbox 1241 1545 1459 1611; x_wconf 84' lang='lat' dir='ltr'><strong>videaturad</strong></span> 
     </span>
     <span class='ocr_line' id='line_1_10' title="bbox 254 1641 372 1706; baseline 0.017 -2"><span class='ocrx_word' id='word_1_68' title='bbox 254 1641 352 1705; x_wconf 84' lang='lat' dir='ltr'><strong>linem</strong></span> <span class='ocrx_word' id='word_1_69' title='bbox 363 1691 372 1706; x_wconf 85' lang='lat'><strong>.</strong></span> 
     </span>
    </p>
   </div>
   <div class='ocr_carea' id='block_1_5' title="bbox 253 1735 1471 3104">
    <p class='ocr_par' dir='ltr' id='par_1_5' title="bbox 296 1735 1458 1827">
     <span class='ocr_line' id='line_1_11' title="bbox 296 1735 1458 1827; baseline 0.003 -25"><span class='ocrx_word' id='word_1_70' title='bbox 296 1738 469 1823; x_wconf 78' lang='lat' dir='ltr'><strong>Propterea</strong></span> <span class='ocrx_word' id='word_1_71' title='bbox 483 1763 541 1825; x_wconf 82' lang='lat' dir='ltr'><strong>ego</strong></span> <span class='ocrx_word' id='word_1_72' title='bbox 556 1741 646 1806; x_wconf 74' lang='lat' dir='ltr'><strong>Offa</strong></span> <span class='ocrx_word' id='word_1_73' title='bbox 661 1792 669 1805; x_wconf 92' lang='lat'><strong>.</strong></span> <span class='ocrx_word' id='word_1_74' title='bbox 682 1763 739 1805; x_wconf 83' lang='lat' dir='ltr'><strong>rex</strong></span> <span class='ocrx_word' id='word_1_75' title='bbox 754 1735 949 1806; x_wconf 84' lang='lat' dir='ltr'><strong>Marciorum</strong></span> <span class='ocrx_word' id='word_1_76' title='bbox 964 1742 1087 1809; x_wconf 78' lang='lat' dir='ltr'><strong>divinae</strong></span> <span class='ocrx_word' id='word_1_77' title='bbox 1101 1743 1319 1808; x_wconf 73' lang='lat' dir='ltr'><strong>misericordia</strong></span> <span class='ocrx_word' id='word_1_78' title='bbox 1329 1742 1458 1827; x_wconf 73' lang='lat' dir='ltr'><strong>gratim!</strong></span> 
     </span>
    </p>

    <p class='ocr_par' dir='ltr' id='par_1_6' title="bbox 253 1839 1471 3004">
     <span class='ocr_line' id='line_1_12' title="bbox 253 1839 1462 1924; baseline 0.007 -27"><span class='ocrx_word' id='word_1_79' title='bbox 253 1857 312 1921; x_wconf 87' lang='lat' dir='ltr'><strong>pro</strong></span> <span class='ocrx_word' id='word_1_80' title='bbox 338 1839 534 1923; x_wconf 86' lang='lat' dir='ltr'><strong>adquirenda</strong></span> <span class='ocrx_word' id='word_1_81' title='bbox 563 1840 685 1904; x_wconf 77' lang='lat' dir='ltr'><strong>deifiae</strong></span> <span class='ocrx_word' id='word_1_82' title='bbox 711 1841 976 1905; x_wconf 71' lang='lat' dir='ltr'><strong>remunerationis</strong></span> <span class='ocrx_word' id='word_1_83' title='bbox 1000 1841 1113 1924; x_wconf 86' lang='lat' dir='ltr'><strong>requie</strong></span> <span class='ocrx_word' id='word_1_84' title='bbox 1138 1845 1148 1900; x_wconf 74' lang='lat' dir='ltr'><strong>t</strong></span> <span class='ocrx_word' id='word_1_85' title='bbox 1174 1842 1355 1924; x_wconf 73' lang='lat' dir='ltr'><strong>animeque</strong></span> <span class='ocrx_word' id='word_1_86' title='bbox 1381 1860 1462 1905; x_wconf 63' lang='lat' dir='ltr'><strong>mee</strong></span> 
     </span>
     <span class='ocr_line' id='line_1_13' title="bbox 253 1938 1463 2003; baseline 0.003 -5"><span class='ocrx_word' id='word_1_87' title='bbox 253 1938 394 2000; x_wconf 88' lang='lat' dir='ltr'><strong>remedio</strong></span> <span class='ocrx_word' id='word_1_88' title='bbox 409 1947 443 2002; x_wconf 89' lang='lat' dir='ltr'><strong>et</strong></span> <span class='ocrx_word' id='word_1_89' title='bbox 457 1939 561 2002; x_wconf 80' lang='lat' dir='ltr'><strong>salute</strong></span> <span class='ocrx_word' id='word_1_90' title='bbox 574 1943 584 1998; x_wconf 70' lang='lat' dir='ltr'><strong>t</strong></span> <span class='ocrx_word' id='word_1_91' title='bbox 599 1946 633 2002; x_wconf 89' lang='lat' dir='ltr'><strong>et</strong></span> <span class='ocrx_word' id='word_1_92' title='bbox 649 1959 793 2001; x_wconf 88' lang='lat' dir='ltr'><strong>meorum</strong></span> <span class='ocrx_word' id='word_1_93' title='bbox 808 1939 986 2002; x_wconf 84' lang='lat' dir='ltr'><strong>facinorum</strong></span> <span class='ocrx_word' id='word_1_94' title='bbox 1007 1939 1206 2003; x_wconf 82' lang='lat' dir='ltr'><strong>relevatione</strong></span> <span class='ocrx_word' id='word_1_95' title='bbox 1221 1990 1228 2003; x_wconf 94' lang='lat'><em>.</em></span> <span class='ocrx_word' id='word_1_96' title='bbox 1243 1947 1365 2003; x_wconf 86' lang='lat' dir='ltr'><strong>terram</strong></span> <span class='ocrx_word' id='word_1_97' title='bbox 1387 1959 1463 2002; x_wconf 87' lang='lat' dir='ltr'><strong>oum</strong></span> 
     </span>
     <span class='ocr_line' id='line_1_14' title="bbox 255 2034 1464 2120; baseline 0.003 -25"><span class='ocrx_word' id='word_1_98' title='bbox 255 2034 374 2099; x_wconf 83' lang='lat' dir='ltr'><strong>finibus</strong></span> <span class='ocrx_word' id='word_1_99' title='bbox 389 2037 455 2100; x_wconf 86' lang='lat' dir='ltr'><strong>suis</strong></span> <span class='ocrx_word' id='word_1_100' title='bbox 469 2058 541 2119; x_wconf 79' lang='lat' dir='ltr'><strong>quae</strong></span> <span class='ocrx_word' id='word_1_101' title='bbox 556 2036 698 2120; x_wconf 86' lang='lat' dir='ltr'><strong>pertinet</strong></span> <span class='ocrx_word' id='word_1_102' title='bbox 720 2035 761 2098; x_wconf 90' lang='lat' dir='ltr'><strong>ad</strong></span> <span class='ocrx_word' id='word_1_103' title='bbox 783 2035 896 2099; x_wconf 68' lang='lat' dir='ltr'><strong>sillam</strong></span> <span class='ocrx_word' id='word_1_104' title='bbox 917 2057 991 2119; x_wconf 75' lang='lat' dir='ltr'><strong>qnae</strong></span> <span class='ocrx_word' id='word_1_105' title='bbox 1013 2043 1148 2100; x_wconf 82' lang='lat' dir='ltr'><strong>vocatur</strong></span> <span class='ocrx_word' id='word_1_106' title='bbox 1160 2036 1285 2099; x_wconf 77' lang='lat' dir='ltr'><strong>wrcm</strong></span> <span class='ocrx_word' id='word_1_107' title='bbox 1307 2036 1407 2100; x_wconf 88' lang='lat' dir='ltr'><strong>sitam</strong></span> <span class='ocrx_word' id='word_1_108' title='bbox 1427 2034 1464 2099; x_wconf 87' lang='lat' dir='ltr'><strong>in</strong></span> 
     </span>
     <span class='ocr_line' id='line_1_15' title="bbox 254 2135 1467 2219; baseline 0 -19"><span class='ocrx_word' id='word_1_109' title='bbox 254 2136 446 2200; x_wconf 79' lang='lat' dir='ltr'><strong>occidentali</strong></span> <span class='ocrx_word' id='word_1_110' title='bbox 461 2147 552 2219; x_wconf 86' lang='lat' dir='ltr'><strong>parte</strong></span> <span class='ocrx_word' id='word_1_111' title='bbox 567 2137 728 2201; x_wconf 73' lang='lat' dir='ltr'><strong>Smnxe</strong></span> <span class='ocrx_word' id='word_1_112' title='bbox 742 2136 841 2219; x_wconf 79' lang='lat' dir='ltr'><strong>regio⁸</strong></span> <span class='ocrx_word' id='word_1_113' title='bbox 855 2144 952 2200; x_wconf 88' lang='lat' dir='ltr'><strong>utens</strong></span> <span class='ocrx_word' id='word_1_114' title='bbox 962 2143 1128 2219; x_wconf 81' lang='lat' dir='ltr'><strong>&#39;potestate</strong></span> <span class='ocrx_word' id='word_1_115' title='bbox 1142 2135 1228 2200; x_wconf 90' lang='lat' dir='ltr'><strong>dono</strong></span> <span class='ocrx_word' id='word_1_116' title='bbox 1247 2136 1390 2200; x_wconf 77' lang='lat' dir='ltr'><strong>libertati</strong></span> <span class='ocrx_word' id='word_1_117' title='bbox 1406 2139 1417 2195; x_wconf 76' lang='lat' dir='ltr'><strong>t</strong></span> <span class='ocrx_word' id='word_1_118' title='bbox 1431 2142 1467 2200; x_wconf 85' lang='lat' dir='ltr'><strong>et</strong></span> 
     </span>
     <span class='ocr_line' id='line_1_16' title="bbox 257 2232 1467 2318; baseline 0.001 -22"><span class='ocrx_word' id='word_1_119' title='bbox 257 2232 436 2298; x_wconf 70' lang='lat' dir='ltr'><strong>liminiana</strong></span> <span class='ocrx_word' id='word_1_120' title='bbox 451 2235 596 2318; x_wconf 86' lang='lat' dir='ltr'><strong>pontifici</strong></span> <span class='ocrx_word' id='word_1_121' title='bbox 611 2243 766 2318; x_wconf 87' lang='lat' dir='ltr'><strong>perpetua</strong></span> <span class='ocrx_word' id='word_1_122' title='bbox 781 2234 969 2299; x_wconf 73' lang='lat' dir='ltr'><strong>haereditate</strong></span> <span class='ocrx_word' id='word_1_123' title='bbox 983 2234 1077 2298; x_wconf 86' lang='lat' dir='ltr'><strong>trado</strong></span> <span class='ocrx_word' id='word_1_124' title='bbox 1088 2235 1123 2298; x_wconf 93' lang='lat' dir='ltr'><strong>in</strong></span> <span class='ocrx_word' id='word_1_125' title='bbox 1133 2234 1369 2318; x_wconf 83' lang='lat' dir='ltr'><strong>possessionem</strong></span> <span class='ocrx_word' id='word_1_126' title='bbox 1380 2233 1467 2316; x_wconf 79' lang='lat' dir='ltr'><strong>juris</strong></span> 
     </span>
     <span class='ocr_line' id='line_1_17' title="bbox 258 2330 1468 2416; baseline 0.002 -22"><span class='ocrx_word' id='word_1_127' title='bbox 258 2331 475 2396; x_wconf 75' lang='lat' dir='ltr'><strong>:ecelesiastici</strong></span> <span class='ocrx_word' id='word_1_128' title='bbox 500 2381 508 2397; x_wconf 86' lang='lat'>.</span> <span class='ocrx_word' id='word_1_129' title='bbox 535 2332 576 2396; x_wconf 90' lang='lat' dir='ltr'><strong>ad</strong></span> <span class='ocrx_word' id='word_1_130' title='bbox 599 2332 730 2396; x_wconf 82' lang='lat' dir='ltr'><strong>laudern</strong></span> <span class='ocrx_word' id='word_1_131' title='bbox 755 2339 789 2396; x_wconf 91' lang='lat' dir='ltr'><strong>et</strong></span> <span class='ocrx_word' id='word_1_132' title='bbox 816 2332 953 2416; x_wconf 79' lang='lat' dir='ltr'><strong>gloriam</strong></span> <span class='ocrx_word' id='word_1_133' title='bbox 981 2341 1017 2397; x_wconf 89' lang='lat' dir='ltr'><strong>et</strong></span> <span class='ocrx_word' id='word_1_134' title='bbox 1041 2332 1197 2405; x_wconf 85' lang='lat' dir='ltr'><strong>honorem</strong></span> <span class='ocrx_word' id='word_1_135' title='bbox 1223 2331 1376 2396; x_wconf 76' lang='lat' dir='ltr'><strong>altissimi</strong></span> <span class='ocrx_word' id='word_1_136' title='bbox 1403 2330 1468 2396; x_wconf 85' lang='lat' dir='ltr'><strong>Dei</strong></span> 
     </span>
     <span class='ocr_line' id='line_1_18' title="bbox 259 2430 1233 2514; baseline 0.004 -22"><span class='ocrx_word' id='word_1_137' title='bbox 259 2430 468 2513; x_wconf 90' lang='lat' dir='ltr'><strong>omniumque</strong></span> <span class='ocrx_word' id='word_1_138' title='bbox 483 2441 667 2494; x_wconf 76' lang='lat' dir='ltr'><strong>sanctourm</strong></span> <span class='ocrx_word' id='word_1_139' title='bbox 682 2451 769 2494; x_wconf 89' lang='lat' dir='ltr'><strong>nune</strong></span> <span class='ocrx_word' id='word_1_140' title='bbox 783 2438 817 2494; x_wconf 92' lang='lat' dir='ltr'><strong>et</strong></span> <span class='ocrx_word' id='word_1_141' title='bbox 831 2431 919 2494; x_wconf 91' lang='lat' dir='ltr'><strong>omni</strong></span> <span class='ocrx_word' id='word_1_142' title='bbox 935 2439 1079 2514; x_wconf 81' lang='lat' dir='ltr'><strong>ternpore</strong></span> <span class='ocrx_word' id='word_1_143' title='bbox 1095 2431 1206 2495; x_wconf 71' lang='lat' dir='ltr'><strong>seculi</strong></span> <span class='ocrx_word' id='word_1_144' title='bbox 1221 2478 1233 2497; x_wconf 82' lang='grc'><strong>.</strong></span> 
     </span>
     <span class='ocr_line' id='line_1_19' title="bbox 263 2527 1469 2613; baseline 0 -21"><span class='ocrx_word' id='word_1_145' title='bbox 263 2542 266 2547; x_wconf 82' lang='grc'><strong>“</strong></span> <span class='ocrx_word' id='word_1_146' title='bbox 303 2529 337 2592; x_wconf 83' lang='lat' dir='ltr'><strong>Si</strong></span> <span class='ocrx_word' id='word_1_147' title='bbox 353 2531 427 2612; x_wconf 87' lang='lat' dir='ltr'><strong>quis</strong></span> <span class='ocrx_word' id='word_1_148' title='bbox 442 2550 515 2613; x_wconf 83' lang='lat' dir='ltr'><strong>ergo</strong></span> <span class='ocrx_word' id='word_1_149' title='bbox 529 2529 613 2594; x_wconf 90' lang='lat' dir='ltr'><strong>hanc</strong></span> <span class='ocrx_word' id='word_1_150' title='bbox 629 2538 745 2594; x_wconf 72' lang='lat' dir='ltr'><strong>nostre</strong></span> <span class='ocrx_word' id='word_1_151' title='bbox 756 2529 939 2593; x_wconf 86' lang='lat' dir='ltr'><strong>donationis</strong></span> <span class='ocrx_word' id='word_1_152' title='bbox 949 2529 1160 2594; x_wconf 80' lang='lat' dir='ltr'><strong>elemosinam</strong></span> <span class='ocrx_word' id='word_1_153' title='bbox 1171 2530 1317 2593; x_wconf 79' lang='lat' dir='ltr'><strong>minuere</strong></span> <span class='ocrx_word' id='word_1_154' title='bbox 1327 2527 1469 2593; x_wconf 83' lang='lat' dir='ltr'><strong>voluerit</strong></span> 
     </span>
     <span class='ocr_line' id='line_1_20' title="bbox 260 2626 1469 2710; baseline 0 -21"><span class='ocrx_word' id='word_1_155' title='bbox 260 2633 293 2689; x_wconf 87' lang='lat' dir='ltr'><strong>et</strong></span> <span class='ocrx_word' id='word_1_156' title='bbox 308 2627 414 2692; x_wconf 85' lang='lat' dir='ltr'><strong>delere</strong></span> <span class='ocrx_word' id='word_1_157' title='bbox 428 2632 436 2686; x_wconf 76' lang='lat' dir='ltr'><strong>t</strong></span> <span class='ocrx_word' id='word_1_158' title='bbox 452 2628 618 2692; x_wconf 76' lang='lat' dir='ltr'><strong>airleratnr</strong></span> <span class='ocrx_word' id='word_1_159' title='bbox 632 2635 667 2692; x_wconf 87' lang='lat' dir='ltr'><strong>et</strong></span> <span class='ocrx_word' id='word_1_160' title='bbox 681 2627 826 2692; x_wconf 88' lang='lat' dir='ltr'><strong>deleatur</strong></span> <span class='ocrx_word' id='word_1_161' title='bbox 840 2628 994 2691; x_wconf 88' lang='lat' dir='ltr'><strong>memoria</strong></span> <span class='ocrx_word' id='word_1_162' title='bbox 1009 2628 1080 2710; x_wconf 85' lang='lat' dir='ltr'><strong>ejus</strong></span> <span class='ocrx_word' id='word_1_163' title='bbox 1094 2627 1135 2691; x_wconf 91' lang='lat' dir='ltr'><strong>de</strong></span> <span class='ocrx_word' id='word_1_164' title='bbox 1150 2626 1233 2691; x_wconf 86' lang='lat' dir='ltr'><strong>libro</strong></span> <span class='ocrx_word' id='word_1_165' title='bbox 1245 2627 1320 2690; x_wconf 73' lang='lat' dir='ltr'><strong>vitae</strong></span> <span class='ocrx_word' id='word_1_166' title='bbox 1331 2631 1383 2690; x_wconf 80' lang='lat' dir='ltr'><strong>,et</strong></span> <span class='ocrx_word' id='word_1_167' title='bbox 1393 2646 1469 2690; x_wconf 86' lang='lat' dir='ltr'><strong>enm</strong></span> 
     </span>
     <span class='ocr_line' id='line_1_21' title="bbox 260 2713 1471 2791; baseline 0 -4"><span class='ocrx_word' id='word_1_168' title='bbox 260 2723 283 2787; x_wconf 68' lang='lat' dir='ltr'><strong>,J</strong></span> <span class='ocrx_word' id='word_1_169' title='bbox 286 2725 349 2788; x_wconf 90' lang='lat' dir='ltr'><strong>uda</strong></span> <span class='ocrx_word' id='word_1_170' title='bbox 365 2726 485 2790; x_wconf 86' lang='lat' dir='ltr'><strong>Christi</strong></span> <span class='ocrx_word' id='word_1_171' title='bbox 505 2726 661 2789; x_wconf 82' lang='lat' dir='ltr'><strong>traditore</strong></span> <span class='ocrx_word' id='word_1_172' title='bbox 683 2735 843 2790; x_wconf 89' lang='lat' dir='ltr'><strong>crematur</strong></span> <span class='ocrx_word' id='word_1_173' title='bbox 865 2713 984 2790; x_wconf 79' lang='lat' dir='ltr'><strong>aterna</strong></span> <span class='ocrx_word' id='word_1_174' title='bbox 1006 2726 1250 2791; x_wconf 86' lang='lat' dir='ltr'><strong>combustione.</strong></span> <span class='ocrx_word' id='word_1_175' title='bbox 1266 2734 1301 2789; x_wconf 90' lang='lat' dir='ltr'><strong>et</strong></span> <span class='ocrx_word' id='word_1_176' title='bbox 1315 2723 1471 2789; x_wconf 74' lang='lat' dir='ltr'><strong>Annama</strong></span> 
     </span>
     <span class='ocr_line' id='line_1_22' title="bbox 261 2807 1471 2909; baseline 0 -23"><span class='ocrx_word' id='word_1_177' title='bbox 261 2829 295 2886; x_wconf 87' lang='lat' dir='ltr'><strong>et</strong></span> <span class='ocrx_word' id='word_1_178' title='bbox 321 2823 457 2907; x_wconf 83' lang='lat' dir='ltr'><strong>Sapliira</strong></span> <span class='ocrx_word' id='word_1_179' title='bbox 481 2826 601 2888; x_wconf 85' lang='lat' dir='ltr'><strong>sentiat</strong></span> <span class='ocrx_word' id='word_1_180' title='bbox 625 2824 707 2887; x_wconf 84' lang='lat' dir='ltr'><strong>iram</strong></span> <span class='ocrx_word' id='word_1_181' title='bbox 733 2824 867 2888; x_wconf 89' lang='lat' dir='ltr'><strong>ultionis</strong></span> <span class='ocrx_word' id='word_1_182' title='bbox 893 2807 1045 2889; x_wconf 61' lang='lat' dir='ltr'><strong>ditinaet.</strong></span> <span class='ocrx_word' id='word_1_183' title='bbox 1071 2825 1135 2888; x_wconf 88' lang='lat' dir='ltr'><strong>nisi</strong></span> <span class='ocrx_word' id='word_1_184' title='bbox 1161 2824 1197 2887; x_wconf 89' lang='lat' dir='ltr'><strong>in</strong></span> <span class='ocrx_word' id='word_1_185' title='bbox 1223 2823 1375 2909; x_wconf 68' lang='lat' dir='ltr'><strong>praesenti</strong></span> <span class='ocrx_word' id='word_1_186' title='bbox 1398 2823 1471 2887; x_wconf 82' lang='lat' dir='ltr'><strong>vita</strong></span> 
     </span>
     <span class='ocr_line' id='line_1_23' title="bbox 262 2921 945 3004; baseline 0.006 -21"><span class='ocrx_word' id='word_1_187' title='bbox 262 2921 482 2984; x_wconf 78' lang='lat' dir='ltr'><strong>emendaverit</strong></span> <span class='ocrx_word' id='word_1_188' title='bbox 498 2921 657 3004; x_wconf 84' lang='lat' dir='ltr'><strong>condigna</strong></span> <span class='ocrx_word' id='word_1_189' title='bbox 671 2921 907 2987; x_wconf 76' lang='lat' dir='ltr'><strong>satisfactione.</strong></span> <span class='ocrx_word' id='word_1_190' title='bbox 917 2944 945 3002; x_wconf 87' lang='lat'><strong>;.</strong></span> 
     </span>
    </p>

    <p class='ocr_par' dir='ltr' id='par_1_7' title="bbox 307 3018 1470 3104">
     <span class='ocr_line' id='line_1_24' title="bbox 307 3018 1470 3104; baseline 0.001 -23"><span class='ocrx_word' id='word_1_191' title='bbox 307 3018 388 3082; x_wconf 75' lang='lat' dir='ltr'><strong>Haeo</strong></span> <span class='ocrx_word' id='word_1_192' title='bbox 403 3020 490 3083; x_wconf 87' lang='lat' dir='ltr'><strong>euim</strong></span> <span class='ocrx_word' id='word_1_193' title='bbox 505 3027 583 3083; x_wconf 86' lang='lat' dir='ltr'><strong>sunt·</strong></span> <span class='ocrx_word' id='word_1_194' title='bbox 597 3020 729 3083; x_wconf 88' lang='lat' dir='ltr'><strong>nomina</strong></span> <span class='ocrx_word' id='word_1_195' title='bbox 744 3020 858 3083; x_wconf 84' lang='lat' dir='ltr'><strong>finium</strong></span> <span class='ocrx_word' id='word_1_196' title='bbox 873 3028 1028 3084; x_wconf 85' lang='lat' dir='ltr'><strong>terrarum</strong></span> <span class='ocrx_word' id='word_1_197' title='bbox 1050 3020 1093 3084; x_wconf 89' lang='lat' dir='ltr'><strong>ad</strong></span> <span class='ocrx_word' id='word_1_198' title='bbox 1115 3019 1333 3104; x_wconf 86' lang='lat' dir='ltr'><strong>supradictam</strong></span> <span class='ocrx_word' id='word_1_199' title='bbox 1355 3018 1470 3083; x_wconf 81' lang='lat' dir='ltr'><strong>villam</strong></span> 
     </span>
    </p>
   </div>
   <div class='ocr_carea' id='block_1_6' title="bbox 263 3114 1562 3198">
    <p class='ocr_par' dir='ltr' id='par_1_8' title="bbox 263 3114 1562 3198">
     <span class='ocr_line' id='line_1_25' title="bbox 263 3114 1562 3198; baseline 0.003 -19"><span class='ocrx_word' id='word_1_200' title='bbox 263 3114 704 3198; x_wconf 82' lang='lat' dir='ltr'><strong>adjacentium.;.P1imns</strong></span> <span class='ocrx_word' id='word_1_201' title='bbox 725 3118 766 3183; x_wconf 88' lang='lat' dir='ltr'><strong>de</strong></span> <span class='ocrx_word' id='word_1_202' title='bbox 788 3118 926 3184; x_wconf 88' lang='lat' dir='ltr'><strong>Tamede</strong></span> <span class='ocrx_word' id='word_1_203' title='bbox 951 3118 1090 3182; x_wconf 85' lang='lat' dir='ltr'><strong>mathan</strong></span> <span class='ocrx_word' id='word_1_204' title='bbox 1113 3126 1201 3183; x_wconf 87' lang='lat' dir='ltr'><strong>recto</strong></span> <span class='ocrx_word' id='word_1_205' title='bbox 1225 3138 1324 3182; x_wconf 85' lang='lat' dir='ltr'><strong>eursu</strong></span> <span class='ocrx_word' id='word_1_206' title='bbox 1348 3119 1385 3181; x_wconf 89' lang='lat' dir='ltr'><strong>in</strong></span> <span class='ocrx_word' id='word_1_207' title='bbox 1410 3117 1472 3183; x_wconf 80' lang='lat' dir='ltr'><strong>Os·</strong></span> <span class='ocrx_word' id='word_1_208' title='bbox 1558 3133 1562 3139; x_wconf 83' lang='lat'>&#39;</span> 
     </span>
    </p>
   </div>
   <div class='ocr_carea' id='block_1_7' title="bbox 262 3215 1534 3697">
    <p class='ocr_par' dir='ltr' id='par_1_9' title="bbox 262 3215 1534 3697">
     <span class='ocr_line' id='line_1_26' title="bbox 263 3215 1534 3297; baseline 0.005 -22"><span class='ocrx_word' id='word_1_209' title='bbox 263 3234 382 3297; x_wconf 55' lang='lat' dir='ltr'><strong>amona</strong></span> <span class='ocrx_word' id='word_1_210' title='bbox 396 3215 481 3280; x_wconf 76' lang='lat' dir='ltr'><strong>baeoe</strong></span> <span class='ocrx_word' id='word_1_211' title='bbox 498 3265 506 3278; x_wconf 92' lang='lat'><strong>.</strong></span> <span class='ocrx_word' id='word_1_212' title='bbox 522 3216 640 3281; x_wconf 89' lang='lat' dir='ltr'><strong>deinde</strong></span> <span class='ocrx_word' id='word_1_213' title='bbox 655 3216 690 3279; x_wconf 93' lang='lat' dir='ltr'><strong>in</strong></span> <span class='ocrx_word' id='word_1_214' title='bbox 705 3216 815 3281; x_wconf 85' lang='lat' dir='ltr'><strong>Wnda</strong></span> <span class='ocrx_word' id='word_1_215' title='bbox 837 3237 928 3281; x_wconf 82' lang='lat' dir='ltr'><strong>inor.</strong></span> <span class='ocrx_word' id='word_1_216' title='bbox 944 3218 991 3281; x_wconf 86' lang='lat' dir='ltr'><strong>sio</strong></span> <span class='ocrx_word' id='word_1_217' title='bbox 1011 3216 1200 3283; x_wconf 81' lang='lat' dir='ltr'><strong>extenditur</strong></span> <span class='ocrx_word' id='word_1_218' title='bbox 1221 3217 1256 3279; x_wconf 89' lang='lat' dir='ltr'><strong>in</strong></span> <span class='ocrx_word' id='word_1_219' title='bbox 1271 3216 1471 3282; x_wconf 72' lang='lat' dir='ltr'><strong>ll&#39;aetansie.</strong></span> <span class='ocrx_word' id='word_1_220' title='bbox 1529 3224 1534 3231; x_wconf 86' lang='lat'>&#39;</span> 
     </span>
     <span class='ocr_line' id='line_1_27' title="bbox 262 3311 1473 3400; baseline 0.002 -26"><span class='ocrx_word' id='word_1_221' title='bbox 262 3311 309 3374; x_wconf 86' lang='lat' dir='ltr'><strong>sie</strong></span> <span class='ocrx_word' id='word_1_222' title='bbox 335 3312 445 3375; x_wconf 85' lang='lat' dir='ltr'><strong>statim</strong></span> <span class='ocrx_word' id='word_1_223' title='bbox 469 3313 504 3377; x_wconf 91' lang='lat' dir='ltr'><strong>in</strong></span> <span class='ocrx_word' id='word_1_224' title='bbox 529 3312 639 3378; x_wconf 86' lang='lat' dir='ltr'><strong>locum</strong></span> <span class='ocrx_word' id='word_1_225' title='bbox 668 3336 740 3398; x_wconf 78' lang='lat' dir='ltr'><strong>qua·</strong></span> <span class='ocrx_word' id='word_1_226' title='bbox 769 3314 923 3379; x_wconf 85' lang='lat' dir='ltr'><strong>dicuntur</strong></span> <span class='ocrx_word' id='word_1_227' title='bbox 947 3315 1048 3400; x_wconf 67' lang='lat' dir='ltr'><strong>balsos</strong></span> <span class='ocrx_word' id='word_1_228' title='bbox 1074 3366 1082 3381; x_wconf 91' lang='lat'><strong>.</strong></span> <span class='ocrx_word' id='word_1_229' title='bbox 1107 3315 1241 3399; x_wconf 89' lang='lat' dir='ltr'><strong>proinde</strong></span> <span class='ocrx_word' id='word_1_230' title='bbox 1269 3314 1304 3377; x_wconf 88' lang='lat' dir='ltr'><strong>in</strong></span> <span class='ocrx_word' id='word_1_231' title='bbox 1330 3321 1473 3378; x_wconf 78' lang='lat' dir='ltr'><strong>veterem</strong></span> 
     </span>
     <span class='ocr_line' id='line_1_28' title="bbox 264 3408 1472 3496; baseline 0.003 -25"><span class='ocrx_word' id='word_1_232' title='bbox 264 3408 385 3474; x_wconf 71' lang='lat' dir='ltr'><strong>vallem</strong></span> <span class='ocrx_word' id='word_1_233' title='bbox 401 3459 407 3473; x_wconf 89' lang='lat'>.</span> <span class='ocrx_word' id='word_1_234' title='bbox 423 3409 464 3475; x_wconf 90' lang='lat' dir='ltr'><strong>de</strong></span> <span class='ocrx_word' id='word_1_235' title='bbox 477 3409 535 3474; x_wconf 90' lang='lat' dir='ltr'><strong>illa</strong></span> <span class='ocrx_word' id='word_1_236' title='bbox 550 3411 637 3479; x_wconf 82' lang='lat' dir='ltr'><strong>valle</strong></span> <span class='ocrx_word' id='word_1_237' title='bbox 655 3432 757 3496; x_wconf 84' lang='lat' dir='ltr'><strong>usqne</strong></span> <span class='ocrx_word' id='word_1_238' title='bbox 779 3412 814 3475; x_wconf 91' lang='lat' dir='ltr'><strong>in</strong></span> <span class='ocrx_word' id='word_1_239' title='bbox 837 3413 1008 3477; x_wconf 77' lang='lat' dir='ltr'><strong>Seem&#39;eres</strong></span> <span class='ocrx_word' id='word_1_240' title='bbox 1028 3434 1129 3477; x_wconf 89' lang='lat' dir='ltr'><strong>oran.</strong></span> <span class='ocrx_word' id='word_1_241' title='bbox 1146 3413 1193 3477; x_wconf 86' lang='lat' dir='ltr'><strong>sic</strong></span> <span class='ocrx_word' id='word_1_242' title='bbox 1212 3421 1301 3476; x_wconf 87' lang='lat' dir='ltr'><strong>recto</strong></span> <span class='ocrx_word' id='word_1_243' title='bbox 1320 3432 1416 3475; x_wconf 83' lang='lat' dir='ltr'><strong>eursu</strong></span> <span class='ocrx_word' id='word_1_244' title='bbox 1435 3411 1472 3475; x_wconf 88' lang='lat' dir='ltr'><strong>in</strong></span> 
     </span>
     <span class='ocr_line' id='line_1_29' title="bbox 268 3509 1473 3600; baseline 0.005 -28"><span class='ocrx_word' id='word_1_245' title='bbox 268 3509 374 3593; x_wconf 85' lang='lat' dir='ltr'><strong>pullos</strong></span> <span class='ocrx_word' id='word_1_246' title='bbox 388 3531 482 3594; x_wconf 88' lang='lat' dir='ltr'><strong>camp</strong></span> <span class='ocrx_word' id='word_1_247' title='bbox 495 3512 561 3575; x_wconf 80' lang='lat' dir='ltr'><strong>,sic</strong></span> <span class='ocrx_word' id='word_1_248' title='bbox 575 3513 611 3575; x_wconf 90' lang='lat' dir='ltr'><strong>in</strong></span> <span class='ocrx_word' id='word_1_249' title='bbox 624 3513 758 3596; x_wconf 61' lang='lat' dir='ltr'><strong>longurm</strong></span> <span class='ocrx_word' id='word_1_250' title='bbox 773 3513 932 3596; x_wconf 85' lang='lat' dir='ltr'><strong>usquead</strong></span> <span class='ocrx_word' id='word_1_251' title='bbox 947 3515 1043 3579; x_wconf 86' lang='lat' dir='ltr'><strong>thorn</strong></span> <span class='ocrx_word' id='word_1_252' title='bbox 1059 3516 1175 3600; x_wconf 56' lang='lat' dir='ltr'><strong>brycge</strong></span> <span class='ocrx_word' id='word_1_253' title='bbox 1190 3565 1197 3578; x_wconf 90' lang='lat'><strong>.</strong></span> <span class='ocrx_word' id='word_1_254' title='bbox 1213 3514 1426 3597; x_wconf 88' lang='lat' dir='ltr'><strong>indequoqne</strong></span> <span class='ocrx_word' id='word_1_255' title='bbox 1436 3513 1473 3577; x_wconf 87' lang='lat' dir='ltr'><strong>in</strong></span> 
     </span>
     <span class='ocr_line' id='line_1_30' title="bbox 267 3608 1505 3697; baseline 0.002 -26"><span class='ocrx_word' id='word_1_256' title='bbox 267 3608 468 3693; x_wconf 84' lang='lat' dir='ltr'><strong>Kaderapnll</strong></span> <span class='ocrx_word' id='word_1_257' title='bbox 483 3610 541 3675; x_wconf 89' lang='lat' dir='ltr'><strong>.de</strong></span> <span class='ocrx_word' id='word_1_258' title='bbox 557 3611 770 3694; x_wconf 78' lang='lat' dir='ltr'><strong>Caderapulle</strong></span> <span class='ocrx_word' id='word_1_259' title='bbox 785 3612 819 3675; x_wconf 92' lang='lat' dir='ltr'><strong>in</strong></span> <span class='ocrx_word' id='word_1_260' title='bbox 836 3612 942 3677; x_wconf 72' lang='lat' dir='ltr'><strong>Beoha</strong></span> <span class='ocrx_word' id='word_1_261' title='bbox 956 3613 1075 3697; x_wconf 66' lang='lat' dir='ltr'><strong>briege</strong></span> <span class='ocrx_word' id='word_1_262' title='bbox 1090 3664 1098 3677; x_wconf 92' lang='lat'><strong>.</strong></span> <span class='ocrx_word' id='word_1_263' title='bbox 1113 3613 1154 3677; x_wconf 86' lang='lat' dir='ltr'><strong>de</strong></span> <span class='ocrx_word' id='word_1_264' title='bbox 1169 3613 1230 3676; x_wconf 89' lang='lat' dir='ltr'><strong>hoe</strong></span> <span class='ocrx_word' id='word_1_265' title='bbox 1244 3611 1286 3674; x_wconf 87' lang='lat' dir='ltr'><strong>ml</strong></span> <span class='ocrx_word' id='word_1_266' title='bbox 1301 3611 1472 3674; x_wconf 87' lang='lat' dir='ltr'><strong>introitum</strong></span> <span class='ocrx_word' id='word_1_267' title='bbox 1502 3628 1505 3635; x_wconf 84' lang='lat'>·</span> 
     </span>
    </p>
   </div>
   <div class='ocr_carea' id='block_1_8' title="bbox 265 3705 1570 3793">
    <p class='ocr_par' dir='ltr' id='par_1_10' title="bbox 265 3705 1570 3793">
     <span class='ocr_line' id='line_1_31' title="bbox 265 3705 1570 3793; baseline 0.002 -25"><span class='ocrx_word' id='word_1_268' title='bbox 265 3706 367 3790; x_wconf 63' lang='lat' dir='ltr'><strong>hj‘pes</strong></span> <span class='ocrx_word' id='word_1_269' title='bbox 383 3728 452 3771; x_wconf 86' lang='lat' dir='ltr'><strong>mor</strong></span> <span class='ocrx_word' id='word_1_270' title='bbox 465 3757 473 3773; x_wconf 90' lang='lat'><strong>.</strong></span> <span class='ocrx_word' id='word_1_271' title='bbox 485 3708 525 3772; x_wconf 88' lang='lat' dir='ltr'><strong>de</strong></span> <span class='ocrx_word' id='word_1_272' title='bbox 540 3709 610 3791; x_wconf 88' lang='lat' dir='ltr'><strong>ipsa</strong></span> <span class='ocrx_word' id='word_1_273' title='bbox 626 3729 715 3773; x_wconf 88' lang='lat' dir='ltr'><strong>more</strong></span> <span class='ocrx_word' id='word_1_274' title='bbox 730 3709 764 3772; x_wconf 95' lang='lat' dir='ltr'><strong>in</strong></span> <span class='ocrx_word' id='word_1_275' title='bbox 778 3710 1007 3774; x_wconf 85' lang='lat' dir='ltr'><strong>Coloretbroe.</strong></span> <span class='ocrx_word' id='word_1_276' title='bbox 1019 3710 1054 3773; x_wconf 89' lang='lat' dir='ltr'><strong>in</strong></span> <span class='ocrx_word' id='word_1_277' title='bbox 1066 3709 1157 3773; x_wconf 83' lang='lat' dir='ltr'><strong>illam</strong></span> <span class='ocrx_word' id='word_1_278' title='bbox 1172 3708 1378 3793; x_wconf 82' lang='lat' dir='ltr'><strong>hagan.post</strong></span> <span class='ocrx_word' id='word_1_279' title='bbox 1388 3705 1472 3771; x_wconf 89' lang='lat' dir='ltr'><strong>illud</strong></span> <span class='ocrx_word' id='word_1_280' title='bbox 1566 3712 1570 3721; x_wconf 84' lang='lat'>&#39;</span> 
     </span>
    </p>
   </div>
   <div class='ocr_carea' id='block_1_9' title="bbox 265 3792 1555 4676">
    <p class='ocr_par' dir='ltr' id='par_1_11' title="bbox 265 3792 1555 4676">
     <span class='ocr_line' id='line_1_32' title="bbox 265 3792 1472 3890; baseline 0.001 -23"><span class='ocrx_word' id='word_1_281' title='bbox 265 3804 306 3867; x_wconf 88' lang='lat' dir='ltr'><strong>ad</strong></span> <span class='ocrx_word' id='word_1_282' title='bbox 322 3805 486 3868; x_wconf 85' lang='lat' dir='ltr'><strong>tumulum</strong></span> <span class='ocrx_word' id='word_1_283' title='bbox 501 3808 679 3869; x_wconf 78' lang='lat' dir='ltr'><strong>vocitatum</strong></span> <span class='ocrx_word' id='word_1_284' title='bbox 695 3807 767 3871; x_wconf 88' lang='lat' dir='ltr'><strong>kett</strong></span> <span class='ocrx_word' id='word_1_285' title='bbox 778 3854 786 3870; x_wconf 90' lang='lat'><strong>.</strong></span> <span class='ocrx_word' id='word_1_286' title='bbox 797 3828 835 3870; x_wconf 82' lang='lat' dir='ltr'><strong>ex</strong></span> <span class='ocrx_word' id='word_1_287' title='bbox 849 3806 940 3872; x_wconf 78' lang='lat' dir='ltr'><strong>lette</strong></span> <span class='ocrx_word' id='word_1_288' title='bbox 951 3828 1054 3890; x_wconf 88' lang='lat' dir='ltr'><strong>usqne</strong></span> <span class='ocrx_word' id='word_1_289' title='bbox 1066 3806 1107 3870; x_wconf 92' lang='lat' dir='ltr'><strong>ad</strong></span> <span class='ocrx_word' id='word_1_290' title='bbox 1116 3792 1311 3869; x_wconf 81' lang='lat' dir='ltr'><strong>montioulos</strong></span> <span class='ocrx_word' id='word_1_291' title='bbox 1321 3854 1329 3868; x_wconf 91' lang='lat'><strong>.</strong></span> <span class='ocrx_word' id='word_1_292' title='bbox 1339 3824 1381 3869; x_wconf 85' lang='lat' dir='ltr'><strong>ex</strong></span> <span class='ocrx_word' id='word_1_293' title='bbox 1395 3802 1472 3868; x_wconf 84' lang='lat' dir='ltr'><strong>inde</strong></span> 
     </span>
     <span class='ocr_line' id='line_1_33' title="bbox 265 3903 1472 3988; baseline 0.001 -23"><span class='ocrx_word' id='word_1_294' title='bbox 265 3924 341 3968; x_wconf 79' lang='lat' dir='ltr'><strong>vero</strong></span> <span class='ocrx_word' id='word_1_295' title='bbox 356 3904 389 3967; x_wconf 91' lang='lat' dir='ltr'><strong>iu</strong></span> <span class='ocrx_word' id='word_1_296' title='bbox 407 3904 538 3969; x_wconf 80' lang='lat' dir='ltr'><strong>lawern</strong></span> <span class='ocrx_word' id='word_1_297' title='bbox 553 3954 560 3967; x_wconf 92' lang='lat'><em>.</em></span> <span class='ocrx_word' id='word_1_298' title='bbox 577 3904 623 3968; x_wconf 88' lang='lat' dir='ltr'><strong>sio</strong></span> <span class='ocrx_word' id='word_1_299' title='bbox 638 3925 741 3987; x_wconf 83' lang='lat' dir='ltr'><strong>nsque</strong></span> <span class='ocrx_word' id='word_1_300' title='bbox 758 3904 799 3967; x_wconf 89' lang='lat' dir='ltr'><strong>ad</strong></span> <span class='ocrx_word' id='word_1_301' title='bbox 814 3904 914 3969; x_wconf 80' lang='lat' dir='ltr'><strong>dtsiee</strong></span> <span class='ocrx_word' id='word_1_302' title='bbox 928 3954 937 3969; x_wconf 89' lang='lat'><strong>.</strong></span> <span class='ocrx_word' id='word_1_303' title='bbox 951 3912 1026 3988; x_wconf 89' lang='lat' dir='ltr'><strong>post</strong></span> <span class='ocrx_word' id='word_1_304' title='bbox 1041 3925 1144 3988; x_wconf 84' lang='lat' dir='ltr'><strong>usque</strong></span> <span class='ocrx_word' id='word_1_305' title='bbox 1166 3903 1207 3967; x_wconf 91' lang='lat' dir='ltr'><strong>ad</strong></span> <span class='ocrx_word' id='word_1_306' title='bbox 1221 3922 1377 3986; x_wconf 85' lang='lat' dir='ltr'><strong>quercum</strong></span> <span class='ocrx_word' id='word_1_307' title='bbox 1399 3921 1472 3984; x_wconf 75' lang='lat' dir='ltr'><strong>quae</strong></span> 
     </span>
     <span class='ocr_line' id='line_1_34' title="bbox 267 4002 1555 4085; baseline 0.002 -22"><span class='ocrx_word' id='word_1_308' title='bbox 267 4011 474 4085; x_wconf 85' lang='lat' dir='ltr'><strong>nuncupatur</strong></span> <span class='ocrx_word' id='word_1_309' title='bbox 488 4002 557 4085; x_wconf 83' lang='lat' dir='ltr'><strong>scip</strong></span> <span class='ocrx_word' id='word_1_310' title='bbox 572 4004 609 4066; x_wconf 72' lang='lat' dir='ltr'><strong>te</strong></span> <span class='ocrx_word' id='word_1_311' title='bbox 624 4051 631 4064; x_wconf 94' lang='lat'><em>.</em></span> <span class='ocrx_word' id='word_1_312' title='bbox 648 4002 724 4065; x_wconf 89' lang='lat' dir='ltr'><strong>inde</strong></span> <span class='ocrx_word' id='word_1_313' title='bbox 740 4012 849 4067; x_wconf 85' lang='lat' dir='ltr'><strong>autem</strong></span> <span class='ocrx_word' id='word_1_314' title='bbox 871 4002 912 4067; x_wconf 92' lang='lat' dir='ltr'><strong>ad</strong></span> <span class='ocrx_word' id='word_1_315' title='bbox 926 4003 1035 4066; x_wconf 88' lang='lat' dir='ltr'><strong>loemn</strong></span> <span class='ocrx_word' id='word_1_316' title='bbox 1055 4002 1179 4066; x_wconf 86' lang='lat' dir='ltr'><strong>dietum</strong></span> <span class='ocrx_word' id='word_1_317' title='bbox 1192 4008 1324 4085; x_wconf 77' lang='lat' dir='ltr'><strong>greatan</strong></span> <span class='ocrx_word' id='word_1_318' title='bbox 1339 4019 1473 4082; x_wconf 77' lang='lat' dir='ltr'><strong>aspari.</strong></span> <span class='ocrx_word' id='word_1_319' title='bbox 1551 4058 1555 4065; x_wconf 93' lang='lat'><em>.</em></span> 
     </span>
     <span class='ocr_line' id='line_1_35' title="bbox 265 4095 1472 4165; baseline -0.001 -2"><span class='ocrx_word' id='word_1_320' title='bbox 265 4109 299 4163; x_wconf 87' lang='lat' dir='ltr'><strong>et</strong></span> <span class='ocrx_word' id='word_1_321' title='bbox 321 4121 361 4163; x_wconf 82' lang='lat' dir='ltr'><strong>ex</strong></span> <span class='ocrx_word' id='word_1_322' title='bbox 384 4121 422 4164; x_wconf 88' lang='lat' dir='ltr'><strong>eo</strong></span> <span class='ocrx_word' id='word_1_323' title='bbox 442 4100 512 4164; x_wconf 84' lang='lat' dir='ltr'><strong>loco</strong></span> <span class='ocrx_word' id='word_1_324' title='bbox 534 4101 574 4164; x_wconf 90' lang='lat' dir='ltr'><strong>ad</strong></span> <span class='ocrx_word' id='word_1_325' title='bbox 598 4099 739 4164; x_wconf 65' lang='lat' dir='ltr'><strong>hro-adan</strong></span> <span class='ocrx_word' id='word_1_326' title='bbox 762 4101 832 4164; x_wconf 85' lang='lat' dir='ltr'><strong>sloh</strong></span> <span class='ocrx_word' id='word_1_327' title='bbox 848 4150 855 4164; x_wconf 87' lang='lat'><strong>.</strong></span> <span class='ocrx_word' id='word_1_328' title='bbox 871 4100 989 4165; x_wconf 89' lang='lat' dir='ltr'><strong>deinde</strong></span> <span class='ocrx_word' id='word_1_329' title='bbox 1005 4121 1080 4164; x_wconf 76' lang='lat' dir='ltr'><strong>vero</strong></span> <span class='ocrx_word' id='word_1_330' title='bbox 1099 4101 1141 4163; x_wconf 89' lang='lat' dir='ltr'><strong>ad</strong></span> <span class='ocrx_word' id='word_1_331' title='bbox 1156 4098 1237 4162; x_wconf 87' lang='lat' dir='ltr'><strong>alios</strong></span> <span class='ocrx_word' id='word_1_332' title='bbox 1250 4095 1472 4162; x_wconf 80' lang='lat' dir='ltr'><strong>monticulos.</strong></span> 
     </span>
     <span class='ocr_line' id='line_1_36' title="bbox 266 4195 1476 4281; baseline 0 -22"><span class='ocrx_word' id='word_1_333' title='bbox 266 4206 377 4280; x_wconf 83' lang='lat' dir='ltr'><strong>postea</strong></span> <span class='ocrx_word' id='word_1_334' title='bbox 392 4219 467 4262; x_wconf 77' lang='lat' dir='ltr'><strong>vero</strong></span> <span class='ocrx_word' id='word_1_335' title='bbox 481 4199 522 4262; x_wconf 89' lang='lat' dir='ltr'><strong>ad</strong></span> <span class='ocrx_word' id='word_1_336' title='bbox 539 4200 624 4262; x_wconf 75' lang='lat' dir='ltr'><strong>tiam</strong></span> <span class='ocrx_word' id='word_1_337' title='bbox 639 4220 712 4281; x_wconf 74' lang='lat' dir='ltr'><strong>qua</strong></span> <span class='ocrx_word' id='word_1_338' title='bbox 727 4199 846 4263; x_wconf 88' lang='lat' dir='ltr'><strong>dicitnr</strong></span> <span class='ocrx_word' id='word_1_339' title='bbox 860 4199 899 4262; x_wconf 86' lang='lat' dir='ltr'><strong>fis</strong></span> <span class='ocrx_word' id='word_1_340' title='bbox 917 4202 955 4263; x_wconf 70' lang='lat' dir='ltr'><strong>de</strong></span> <span class='ocrx_word' id='word_1_341' title='bbox 969 4248 978 4264; x_wconf 90' lang='lat'><strong>.</strong></span> <span class='ocrx_word' id='word_1_342' title='bbox 993 4207 1081 4262; x_wconf 84' lang='lat' dir='ltr'><strong>recto</strong></span> <span class='ocrx_word' id='word_1_343' title='bbox 1096 4198 1213 4261; x_wconf 88' lang='lat' dir='ltr'><strong>itinere</strong></span> <span class='ocrx_word' id='word_1_344' title='bbox 1231 4196 1272 4260; x_wconf 91' lang='lat' dir='ltr'><strong>ad</strong></span> <span class='ocrx_word' id='word_1_345' title='bbox 1291 4195 1421 4260; x_wconf 88' lang='lat' dir='ltr'><strong>easdem</strong></span> <span class='ocrx_word' id='word_1_346' title='bbox 1435 4195 1476 4259; x_wconf 80' lang='lat' dir='ltr'><strong>fit</strong></span> 
     </span>
     <span class='ocr_line' id='line_1_37' title="bbox 267 4293 1473 4381; baseline -0.002 -23"><span class='ocrx_word' id='word_1_347' title='bbox 267 4294 304 4359; x_wconf 75' lang='lat' dir='ltr'><strong>iic</strong></span> <span class='ocrx_word' id='word_1_348' title='bbox 320 4296 453 4377; x_wconf 82' lang='lat' dir='ltr'><strong>proinde</strong></span> <span class='ocrx_word' id='word_1_349' title='bbox 467 4307 574 4361; x_wconf 86' lang='lat' dir='ltr'><strong>autem</strong></span> <span class='ocrx_word' id='word_1_350' title='bbox 591 4296 632 4360; x_wconf 90' lang='lat' dir='ltr'><strong>ad</strong></span> <span class='ocrx_word' id='word_1_351' title='bbox 647 4297 772 4360; x_wconf 70' lang='lat' dir='ltr'><strong>threnn</strong></span> <span class='ocrx_word' id='word_1_352' title='bbox 794 4318 952 4381; x_wconf 76' lang='lat' dir='ltr'><strong>gemauan</strong></span> <span class='ocrx_word' id='word_1_353' title='bbox 968 4348 976 4360; x_wconf 93' lang='lat'><strong>.</strong></span> <span class='ocrx_word' id='word_1_354' title='bbox 991 4304 1025 4360; x_wconf 86' lang='lat' dir='ltr'><strong>et</strong></span> <span class='ocrx_word' id='word_1_355' title='bbox 1046 4318 1086 4360; x_wconf 82' lang='lat' dir='ltr'><strong>ex</strong></span> <span class='ocrx_word' id='word_1_356' title='bbox 1111 4295 1169 4359; x_wconf 91' lang='lat' dir='ltr'><strong>illo</strong></span> <span class='ocrx_word' id='word_1_357' title='bbox 1190 4295 1261 4358; x_wconf 87' lang='lat' dir='ltr'><strong>loeo</strong></span> <span class='ocrx_word' id='word_1_358' title='bbox 1281 4303 1368 4357; x_wconf 82' lang='lat' dir='ltr'><strong>recta</strong></span> <span class='ocrx_word' id='word_1_359' title='bbox 1390 4293 1473 4356; x_wconf 85' lang='lat' dir='ltr'><strong>oeci·</strong></span> 
     </span>
     <span class='ocr_line' id='line_1_38' title="bbox 270 4382 1475 4479; baseline 0 -24"><span class='ocrx_word' id='word_1_360' title='bbox 270 4391 378 4456; x_wconf 84' lang='lat' dir='ltr'><strong>dentis</strong></span> <span class='ocrx_word' id='word_1_361' title='bbox 400 4395 514 4458; x_wconf 83' lang='lat' dir='ltr'><strong>semita</strong></span> <span class='ocrx_word' id='word_1_362' title='bbox 536 4396 571 4458; x_wconf 88' lang='lat' dir='ltr'><strong>in</strong></span> <span class='ocrx_word' id='word_1_363' title='bbox 594 4395 684 4458; x_wconf 92' lang='lat' dir='ltr'><strong>illam</strong></span> <span class='ocrx_word' id='word_1_364' title='bbox 707 4395 782 4459; x_wconf 85' lang='lat' dir='ltr'><strong>dic.</strong></span> <span class='ocrx_word' id='word_1_365' title='bbox 803 4396 913 4479; x_wconf 83' lang='lat' dir='ltr'><strong>sieque</strong></span> <span class='ocrx_word' id='word_1_366' title='bbox 934 4394 1140 4478; x_wconf 84' lang='lat' dir='ltr'><strong>protenditur</strong></span> <span class='ocrx_word' id='word_1_367' title='bbox 1161 4382 1196 4456; x_wconf 88' lang='lat' dir='ltr'><strong>i&#39;n</strong></span> <span class='ocrx_word' id='word_1_368' title='bbox 1218 4390 1330 4476; x_wconf 75' lang='lat' dir='ltr'><strong>kyllan</strong></span> <span class='ocrx_word' id='word_1_369' title='bbox 1352 4390 1475 4475; x_wconf 67' lang='lat' dir='ltr'><strong>hryge.</strong></span> 
     </span>
     <span class='ocr_line' id='line_1_39' title="bbox 270 4488 1475 4577; baseline 0 -24"><span class='ocrx_word' id='word_1_370' title='bbox 270 4490 397 4554; x_wconf 87' lang='lat' dir='ltr'><strong>Deinde</strong></span> <span class='ocrx_word' id='word_1_371' title='bbox 418 4492 451 4554; x_wconf 89' lang='lat' dir='ltr'><strong>in</strong></span> <span class='ocrx_word' id='word_1_372' title='bbox 468 4491 604 4577; x_wconf 65' lang='lat' dir='ltr'><strong>Sj‘llweg</strong></span> <span class='ocrx_word' id='word_1_373' title='bbox 618 4542 626 4556; x_wconf 91' lang='lat'><strong>.</strong></span> <span class='ocrx_word' id='word_1_374' title='bbox 642 4494 689 4557; x_wconf 86' lang='lat' dir='ltr'><strong>sic</strong></span> <span class='ocrx_word' id='word_1_375' title='bbox 711 4494 897 4558; x_wconf 83' lang='lat' dir='ltr'><strong>extenditur</strong></span> <span class='ocrx_word' id='word_1_376' title='bbox 910 4494 946 4556; x_wconf 89' lang='lat' dir='ltr'><strong>in</strong></span> <span class='ocrx_word' id='word_1_377' title='bbox 960 4492 1143 4556; x_wconf 83' lang='lat' dir='ltr'><strong>haethihtan</strong></span> <span class='ocrx_word' id='word_1_378' title='bbox 1164 4488 1278 4572; x_wconf 80' lang='lat' dir='ltr'><strong>leahge</strong></span> <span class='ocrx_word' id='word_1_379' title='bbox 1293 4539 1300 4551; x_wconf 93' lang='lat'><em>.</em></span> <span class='ocrx_word' id='word_1_380' title='bbox 1315 4499 1350 4553; x_wconf 85' lang='lat' dir='ltr'><strong>et</strong></span> <span class='ocrx_word' id='word_1_381' title='bbox 1370 4488 1417 4552; x_wconf 88' lang='lat' dir='ltr'><strong>ita</strong></span> <span class='ocrx_word' id='word_1_382' title='bbox 1438 4489 1475 4553; x_wconf 88' lang='lat' dir='ltr'><strong>in</strong></span> 
     </span>
     <span class='ocr_line' id='line_1_40' title="bbox 273 4585 1476 4676; baseline 0 -26"><span class='ocrx_word' id='word_1_383' title='bbox 273 4587 365 4651; x_wconf 82' lang='lat' dir='ltr'><strong>lnlau</strong></span> <span class='ocrx_word' id='word_1_384' title='bbox 380 4588 450 4654; x_wconf 85' lang='lat' dir='ltr'><strong>sloh</strong></span> <span class='ocrx_word' id='word_1_385' title='bbox 465 4640 472 4654; x_wconf 92' lang='lat'><strong>.</strong></span> <span class='ocrx_word' id='word_1_386' title='bbox 489 4598 561 4675; x_wconf 88' lang='lat' dir='ltr'><strong>post</strong></span> <span class='ocrx_word' id='word_1_387' title='bbox 576 4591 652 4655; x_wconf 89' lang='lat' dir='ltr'><strong>hinc</strong></span> <span class='ocrx_word' id='word_1_388' title='bbox 667 4612 765 4676; x_wconf 84' lang='lat' dir='ltr'><strong>supra</strong></span> <span class='ocrx_word' id='word_1_389' title='bbox 779 4592 928 4674; x_wconf 82' lang='lat' dir='ltr'><strong>buttinge</strong></span> <span class='ocrx_word' id='word_1_390' title='bbox 941 4590 1013 4673; x_wconf 81' lang='lat' dir='ltr'><strong>graf</strong></span> <span class='ocrx_word' id='word_1_391' title='bbox 1033 4640 1041 4654; x_wconf 87' lang='lat'><strong>.</strong></span> <span class='ocrx_word' id='word_1_392' title='bbox 1065 4590 1099 4653; x_wconf 91' lang='lat' dir='ltr'><strong>in</strong></span> <span class='ocrx_word' id='word_1_393' title='bbox 1115 4590 1222 4653; x_wconf 90' lang='lat' dir='ltr'><strong>locum</strong></span> <span class='ocrx_word' id='word_1_394' title='bbox 1237 4586 1361 4650; x_wconf 85' lang='lat' dir='ltr'><strong>dietum</strong></span> <span class='ocrx_word' id='word_1_395' title='bbox 1375 4585 1476 4650; x_wconf 71' lang='lat' dir='ltr'><strong>eoles-</strong></span> 
     </span>
    </p>
   </div>
   <div class='ocr_carea' id='block_1_10' title="bbox 323 4744 1427 4893">
    <p class='ocr_par' dir='ltr' id='par_1_12' title="bbox 323 4744 1427 4893">
     <span class='ocr_line' id='line_1_41' title="bbox 323 4744 1427 4819; baseline -0.001 -17"><span class='ocrx_word' id='word_1_396' title='bbox 323 4750 331 4783; x_wconf 90' lang='lat'><strong>¹</strong></span> <span class='ocrx_word' id='word_1_397' title='bbox 356 4752 718 4819; x_wconf 56' lang='lat' dir='ltr'><strong>Aodonmugmwiqu</strong></span> <span class='ocrx_word' id='word_1_398' title='bbox 816 4748 1165 4816; x_wconf 50' lang='lat' dir='ltr'><strong>&#39;Ablanhqooeberqt</strong></span> <span class='ocrx_word' id='word_1_399' title='bbox 1264 4744 1427 4811; x_wconf 52' lang='lat' dir='ltr'><strong>&#39;Regisk</strong></span> 
     </span>
     <span class='ocr_line' id='line_1_42' title="bbox 1285 4832 1346 4893; baseline 0 0"><span class='ocrx_word' id='word_1_400' title='bbox 1285 4832 1346 4893; x_wconf 71' lang='lat'><strong>12</strong></span> 
     </span>
    </p>
   </div>
   <div class='ocr_carea' id='block_1_11' title="bbox 0 0 1934 5258">
    <p class='ocr_par' dir='ltr' id='par_1_13' title="bbox 0 0 1934 5258">
     <span class='ocr_line' id='line_1_43' title="bbox 0 0 1934 5258; baseline 0 0"><span class='ocrx_word' id='word_1_401' title='bbox 0 0 1934 5258; x_wconf 95' lang='lat' dir='ltr'><strong> </strong></span> 
     </span>
    </p>
   </div>
  </div>
 </body>
</html>
