3816 5258
218 296 418 424 'anerei
560 310 574 331 ’
653 312 1057 411 mmmmmwmm
1385 344 1448 411 491
1519 358 1522 363 ·

251 510 373 577 ciorum
397 510 501 578 salute
524 513 723 581 factunm.
765 516 838 582 Has
864 523 966 583 terras
993 517 1031 581 in
1059 520 1253 602 perpetuum
1275 514 1453 587 liberaliter
1573 602 1576 607 Ι

251 610 429 693 adquisibit
442 613 675 695 agravitudine
690 615 844 680 comitum
859 624 894 681 et
911 638 932 682 a
951 615 1125 681 durissima
1137 614 1295 680 servitute
1317 634 1452 699 mgum.

252 716 285 773 et
300 716 409 773 sancte
424 710 486 773 Dei
501 712 667 793 genitricis
679 712 830 778 aecclesie
845 714 1021 779 liberaliter
1038 713 1113 778 illas
1126 712 1246 779 aenne
1260 710 1453 797 subjunxit.

253 806 390 872 Proinde
405 808 597 873 mandamus
611 830 670 893 per
682 813 907 877 auctoritatem
922 832 1050 896 semper
1063 812 1199 896 virginis
1212 810 1328 877 Merita
1345 817 1382 877 et
1394 829 1453 895 por

252 904 381 989 signum
403 914 513 971 sancte
534 909 638 973 crucis
661 909 695 972 in
714 930 779 992 qua
798 898 904 975 omnis
922 910 1057 974 victoria
1077 909 1226 975 consistit
1241 914 1280 974 ut
1298 908 1336 973 in
1356 914 1454 975 enter

252 1004 363 1069 nullus
378 1026 453 1069 eum
467 1006 648 1090 inquietare
668 1014 845 1092 praesumat
858 1008 912 1072 vel
933 1009 1003 1091 ejus
1026 1028 1223 1073 successores
1243 1026 1454 1092 conquassate

253 1103 370 1167 audeat
384 1103 440 1167 sed
455 1125 530 1168 cum
544 1105 637 1169 firma
650 1125 728 1189 pace
743 1113 777 1169 ct
791 1105 965 1170 securitate
985 1106 1233 1189 prenominatos
1246 1124 1339 1189 agros
1352 1102 1456 1197 possif

254 1202 351 1266 deant
365 1223 403 1266 ac
417 1203 597 1288 gubernent
611 1254 619 1268 .
633 1212 668 1267 et
681 1212 755 1287 post
768 1203 949 1287 cuicunque
964 1202 1045 1287 ipsis
1058 1202 1218 1287 placuerit
1231 1201 1421 1269 dimittent.

297 1305 364 1388 Ego
379 1305 544 1369 Comum
558 1327 614 1369 rer
630 1305 825 1370 Marciorum
839 1306 899 1371 hos
918 1314 1020 1372 terras
1039 1305 1182 1369 liberabo
1196 1303 1239 1369 ab
1251 1302 1342 1368 omni
1355 1303 1457 1369 sarvi-

254 1409 324 1467 tute
348 1422 463 1487 magno
488 1402 542 1467 vel
568 1403 693 1467 modico
714 1424 857 1488 regum.
884 1405 1070 1489 principum
1093 1452 1102 1467 .
1124 1402 1346 1487 episcoporum
1366 1449 1377 1468 .
1396 1423 1457 1488 pro

254 1499 358 1565 salute
372 1502 478 1565 anime
493 1522 564 1567 mee
579 1510 612 1565 et
627 1522 684 1586 pro
699 1510 767 1566 tota
781 1511 877 1587 gente
897 1503 1094 1567 llerciorum
1112 1500 1210 1567 sicuti
1230 1500 1272 1565 ab
1285 1499 1376 1565 omni
1389 1520 1456 1567 ser·

255 1598 359 1661 vitute
383 1598 445 1662 suit
466 1597 602 1663 liberata
623 1608 658 1664 et
678 1611 728 1663 est
750 1620 823 1663 cum
849 1599 902 1665 his
928 1600 1067 1664 testibus
1087 1608 1298 1683 utrorumque
1318 1618 1457 1665 sexuum
1474 1612 1479 1619 '
1542 1650 1545 1657 .

254 1696 483 1761 rnonaelrorum
506 1698 560 1761 rel
585 1698 784 1762 secularium
812 1750 819 1763 .
844 1708 882 1762 ut
906 1699 966 1764 hec
991 1706 1102 1763 nostru
1125 1705 1248 1763 statuta
1270 1699 1363 1761 firma
1382 1718 1455 1783 per·

254 1794 394 1857 inuueat¹
411 1794 444 1857 in
459 1804 651 1878 perpetuum
667 1845 675 1860 .
720 1797 784 1859 llic
799 1796 883 1860 inira
897 1804 1092 1861 caraxantur
1105 1796 1237 1860 nomina
1250 1796 1385 1861 maun
1400 1843 1411 1864 .

385 1926 452 2010 Ego
468 1926 616 1991 Coeuwll
635 1947 692 1991 rex
708 1928 856 1991 consensi
869 1934 910 1992 et*
918 1927 1094 2011 subscripsi
1108 1924 1145 1991 in
1158 1926 1272 1991 sinodo
1285 1932 1321 1993 et
1333 1924 1370 1991 in
1384 1926 1456 1995 loeo

514 2026 572 2109 qui
586 2025 705 2089 <licitur
719 2025 900 2109 eelichyt.

385 2122 453 2205 Ego
468 2122 632 2188 Wulfred²
645 2123 904 2207 archiepiscopus
917 2173 927 2189 .

257 2256 757 2336 [arus.corron‚tnruarmc.rx,r.roos.
881 2285 928 2336 [a]
938 2286 1017 2328 cane
1026 2286 1088 2329 rr...
1101 2286 1257 2340 arra-9102,
1266 2286 1460 2339 anamma
1532 2276 1536 2281 '

257 2348 431 2459 {ll-Juliprnblc.
447 2348 498 2389 (lad.
515 2349 590 2400 vua..
607 2349 650 2392 u'o.
668 2359 759 2400 cmm
773 2350 835 2393 llum
855 2350 860 2431 l
932 2349 999 2391 lton·
1008 2350 1094 2397 Sorlfl.
1100 2348 1147 2393 τοὶ.
1155 2350 1173 2399 l.
1181 2360 1205 2402 p.
1213 2350 1256 2400 “3
1267 2350 1293 2395 ll.
1299 2352 1347 2393 Μ,

671 2636 1062 2650 —m

258 2871 329 2934 353.
352 2869 427 2932 &rte
442 2869 479 2949 by
491 2867 653 2949 caraunus,
663 2867 752 2949 Kirm
766 2869 805 2950 os
821 2868 871 2930 tlte
885 2867 1052 2943 lardum,
1066 2866 1301 2955 toArclba'altop
1311 2868 1462 2955 ἥψω,

389 2967 429 3048 eff
445 2966 524 3027 laud
545 2974 579 3027 at
597 2964 754 3046 Graecam]
768 2967 806 3027 r'u
827 2966 877 3027 tlrc
897 2966 1022 3029 diarict
1043 2966 1083 3048 os
1099 2965 1353 3046 Favorinum.
1367 2968 1463 3049 Kena,

382 3066 441 3147 scr
456 3064 662 3144 laceram-timu
677 3084 834 3127 arrerrcusoe
849 3065 887 3127 r'u
900 3087 922 3126 a
936 3063 1035 3148 ring.⁸
1081 3065 1158 3127 lata
1172 3064 1295 3142 Marde,
1309 3081 1372 3133 ab.
1387 3068 1461 3133 815.

304 3200 344 3278 ›1‹
369 3197 410 3260 In
427 3197 556 3259 nomine
572 3196 634 3259 Dei
650 3195 788 3260 excelsi.
806 3196 871 3273 Qui
886 3204 936 3261 est
951 3217 1025 3280 spes
1039 3196 1185 3259 omnium
1199 3197 1314 3261 finium
1329 3205 1415 3269 term
1427 3207 1463 3265 et

262 3297 295 3359 in
318 3317 405 3359 marc
428 3295 545 3377 longe.
592 3295 659 3379 Ego
682 3294 860 3359 Consum?
882 3316 938 3358 rex
962 3294 1180 3359 Merciomm.
1196 3316 1268 3360 meo
1286 3298 1464 3363 venerabili

262 3404 359 3478 atque
385 3393 538 3478 pra-claro
562 3394 800 3476 archiepiscopo
826 3394 1008 3457 Vt'Lrurbo
1034 3395 1132 3457 unius
1157 3395 1319 3459 manentis
1343 3402 1463 3463 unam

262 3493 376 3558 libent-i
406 3493 514 3556 animo
544 3493 577 3555 in
608 3492 736 3577 regione
765 3494 822 3575 qui
851 3492 972 3555 dicitur
1001 3492 1129 3554 Pennas
1160 3508 1233 3554 narr
1261 3492 1464 3561 concedende

263 3592 387 3657 detrabe
403 3594 437 3656 in
453 3591 523 3655 loco
538 3643 545 3655 .
560 3612 658 3674 quam
675 3590 831 3654 ruricolae
852 3589 1076 3671 Seleberlrtiug
1091 3588 1169 3653 lond
1183 3588 1289 3655 solent
1301 3590 1464 3659 clamare.

264 3692 347 3756 Cum
362 3692 511 3755 omnibus
526 3690 619 3753 bonis
641 3689 682 3752 ad
703 3687 736 3752 sc'·
759 3688 1017 3771 pertinentibus
1033 3687 1156 3770 campis
1170 3687 1262 3752 silvis
1275 3689 1378 3772 pratis
1391 3710 1464 3777 pm-
1514 3774 1517 3779 Ι

264 3792 332 3854 cuis
354 3789 586 3873 piscationibus
608 3787 876 3869 aucupationibus
901 3786 994 3869 aquis
1023 3784 1167 3849 mariscis
1196 3785 1291 3873 rebus
1320 3788 1407 3853 notis
1430 3794 1466 3855 et

264 3888 403 3972 ignotis.
419 3897 516 3969 atque
533 3886 683 3949 omnibus
698 3884 893 3948 utensilibus
902 3892 988 3947 recte
1003 3883 1045 3946 ad
1053 3882 1188 3947 caudem
1200 3885 1466 3967 conpetentibus,

268 3986 314 4049 l't
329 3987 446 4049 heluat
460 3984 623 4068 possideat
645 3991 679 4047 et
700 3990 810 4065 regat.
827 3991 861 4047 et
882 3983 951 4066 ipse
973 3982 1007 4045 in
1029 3989 1215 4065 perpetuam
1230 3981 1466 4053 hereditatam.

266 4086 458 4166 cuicumque
472 4083 612 4145 voluerit
626 4081 829 4164 derelinquat
844 4132 851 4144 .
898 4081 988 4145 Haec
1006 4086 1115 4143 autem
1130 4078 1226 4143 tellus
1240 4080 1292 4144 his
1306 4081 1466 4164 siquidem

266 4183 512 4266 liquidissimam
525 4180 659 4243 confinis
675 4180 795 4242 circum
811 4179 916 4243 cincta
931 4177 1076 4241 ridetur.
1099 4177 1153 4240 Ab
1168 4178 1289 4242 oriente
1304 4179 1466 4249 Alhfleot.

267 4284 319 4346 Ab
335 4281 475 4345 australe
487 4278 618 4363 puplica
638 4288 738 4342 strata
755 4327 764 4341 .
810 4279 862 4341 Ab
884 4277 1048 4341 occidente
1069 4276 1222 4359 moleges
1244 4297 1368 4342 merse.
1412 4281 1468 4347 Ab

267 4380 417 4464 aquilone
444 4378 565 4442 sualua·
588 4426 595 4442 .
617 4378 753 4441 liberata
775 4397 903 4459 quoquc
929 4386 1015 4439 tana
1040 4375 1102 4439 ista
1124 4375 1166 4438 ab
1186 4376 1336 4440 omnibus
1357 4396 1468 4444 saecu.

268 4477 384 4540 larium
401 4497 509 4541 rerum
526 4475 735 4539 semitutibus
758 4481 964 4557 permaneat.
981 4473 1124 4556 exceptis
1145 4473 1198 4537 his
1216 4473 1298 4537 arcis
1312 4478 1347 4538 et
1360 4476 1470 4559 pontis

409 4622 551 4686 ¹sa‚us.
650 4622 795 4685 wenna,
809 4621 843 4672 κ.
942 4621 1327 4686 ’macerarentur
