3816 5258
251 361 527 446 sn764x77sJ
634 378 1060 431 cumaurowoucnsrm
1384 366 1464 448 291,
1584 392 1587 399 ·

251 533 409 618 galiorum
434 532 561 599 oracula
582 536 795 619 pronuntiant
817 583 826 601 .
850 534 987 599 humani
1011 556 1142 621 quoque
1164 537 1290 621 generis
1312 536 1421 621 proles
1442 585 1462 603 .

253 632 350 698 certis
372 641 407 698 et
431 632 559 697 incertis
584 633 810 698 condicionum
834 633 1006 698 eventibus
1031 633 1073 699 de
1096 634 1160 701 hac
1185 634 1355 720 teurporali
1375 632 1453 699 laos
1536 677 1553 701 .

255 729 368 795 multis
382 751 420 796 ac
433 731 523 795 miris
536 729 639 795 modis
653 731 801 816 rapitur.

298 831 419 898 Iccirco
433 854 490 917 ego
508 832 690 897 nannenus
704 833 766 897 Dei
781 832 867 898 douo
888 833 1081 917 subregulus
1095 833 1332 899 Huuicciorum
1345 832 1388 898 de
1400 830 1456 896 liis
1534 881 1538 888 .
1617 829 1623 837 ’

255 930 431 994 tremendis
446 930 548 994 causis
565 938 675 994 mente
697 930 888 995 revolvens.
904 931 1066 1013 optimum
1085 930 1148 995 hoc
1167 931 1234 995 fore
1248 929 1430 1014 excogitavi
1444 976 1457 995 .

256 1026 305 1090 Ut
330 1026 451 1110 aliquid
477 1048 516 1092 ex
540 1026 718 1091 immensis¹
744 1026 972 1092 donationibus
999 1049 1074 1110 quae
1099 1028 1182 1092 mihi
1205 1027 1339 1112 indigno
1363 1028 1457 1092 Deus

255 1123 459 1209 omnipotens
473 1132 506 1190 et
526 1124 648 1188 domini
668 1125 731 1188 mei
752 1124 890 1208 piissimi
911 1127 996 1208 regis
1016 1126 1214 1190 Merciorum
1229 1125 1459 1190 donaverunt.
1539 1120 1546 1131 ⁶

256 1221 319 1285 Pro
334 1223 474 1287 remedio
488 1223 601 1286 animae
616 1242 696 1286 meae
710 1271 718 1286 .
733 1222 775 1287 ad
789 1222 966 1307 aeclesiam
982 1223 1085 1288 beate
1100 1244 1227 1307 semper
1240 1221 1378 1307 uirginis
1391 1222 1459 1287 Dei

255 1321 426 1402 genetricis
443 1320 550 1384 Mariis
564 1341 628 1403 que
642 1319 705 1384 sita
719 1328 770 1385 est
786 1321 822 1382 in
839 1319 1029 1384 Ucnctnxa
1046 1320 1209 1404 civi[tate]
1224 1321 1304 1385 .ubi
1325 1338 1460 1402 corpora

256 1425 386 1500 patrum
400 1439 542 1483 meorum
554 1417 651 1501 digne
661 1417 885 1483 condiuntur2.
896 1419 932 1480 in
943 1437 1023 1481 usus
1034 1417 1267 1482 aecclesiasticae
1282 1416 1460 1482 necessitu-

257 1514 344 1579 dinis
369 1515 549 1581 dedissem.
593 1517 635 1579 Et
658 1516 730 1580 ideo
755 1515 931 1580 secundum
960 1515 1129 1594 licentium
1155 1523 1189 1579 et
1214 1513 1459 1598 permissionem

259 1612 381 1677 domini
391 1614 454 1678 mei
465 1613 856 1678 excellentissimorum
865 1613 1155 1696 regisiiereiorum
1165 1619 1199 1676 ct
1208 1612 1329 1676 dueum
1339 1612 1461 1694 ejusne

258 1709 821 1796 principium⁸quorumsignacrueis
832 1711 1272 1774 mannumacncminainfra
1282 1709 1462 1794 perscripts

257 1811 375 1877 litteris
389 1813 441 1877 his
455 1814 642 1896 assignabo!
658 1813 741 1878 dabo
756 1820 874 1875 terram
889 1860 896 1874 .
913 1821 1027 1874 um.
1042 1811 1249 1875 mansionum
1258 1811 1374 1894 jugera
1383 1830 1462 1874 oon·

259 1908 417 1974 tinentem
431 1960 439 1973 .
454 1931 524 1994 quse
545 1910 632 1990 jacet
651 1911 748 1992 juxta
769 1908 906 1971 fluxium
927 1908 986 1990 qui
1006 1908 1129 1972 dicitur
1151 1908 1238 1972 Swn
1253 1957 1261 1972 .
1276 1907 1319 1973 ad
1338 1907 1461 1971 vudum

259 2007 389 2072 nomine
405 2008 654 2072 Seniust'cnscs
668 2056 676 2069 .
691 2027 730 2070 ca
745 2005 928 2070 conditione
943 2055 951 2069 .
966 2015 1004 2068 ut
1019 2005 1227 2090 congregatio
1238 2005 1296 2068 illa
1309 2004 1463 2069 aecclesiae

258 2113 379 2169 sanetae
408 2105 519 2169 Mariae
547 2105 589 2168 ad
624 2104 788 2188 propriam
826 2124 984 2167 mensurae
1020 2104 1305 2187 participationem
1339 2123 1463 2167 mensae

259 2200 389 2265 illenim
415 2201 554 2266 habeant
576 2252 584 2266 .
609 2212 645 2265 et
670 2203 751 2265 bene
777 2201 946 2264 unanimes
970 2210 1107 2265 utantur
1131 2202 1167 2264 in
1189 2199 1285 2265 domo
1305 2219 1464 2284 pauperes

261 2300 382 2367 Christi
408 2300 465 2384 qui
489 2299 637 2363 habitant
662 2299 697 2362 in
723 2319 783 2362 ea.
828 2299 871 2361 Et
891 2319 965 2383 quac
987 2320 1073 2383 s‘epe
1093 2298 1230 2383 contigit
1252 2319 1310 2382 pro
1330 2298 1465 2362 ineatis

259 2398 424 2462 haeredum
454 2397 651 2461 successibus
680 2396 799 2479 quibus
829 2417 894 2461 non
922 2405 974 2461 est
1001 2397 1238 2462 annunciatum
1259 2445 1269 2462 .
1290 2394 1465 2460 obliuionis

261 2496 441 2582 ignomntiu
456 2496 661 2578 antiquorum
676 2495 795 2578 scripta
817 2502 851 2559 et
870 2495 957 2559 dieta
975 2494 1086 2578 ignrota
1110 2494 1259 2584 existunt
1272 2543 1281 2558 .
1294 2502 1466 2579 proptera·
1505 2574 1509 2581 Ι

261 2613 391 2658 causam
406 2594 503 2676 hujus
517 2591 699 2656 donationis
714 2592 842 2659 telluris
861 2593 982 2656 litteris
999 2593 1159 2657 cararabo
1175 2617 1184 2672 ;
1198 2591 1360 2656 Milredus
1372 2590 1465 2655 vido-

261 2694 339 2760 licet
354 2694 544 2760 venerabilis
558 2694 727 2777 episcopus
742 2713 833 2757 meus
847 2701 881 2759 et
895 2694 1019 2757 domini
1041 2695 1105 2758 mei
1126 2694 1210 2758 lidus
1229 2693 1354 2758 amicus
1366 2741 1377 2757 .
1390 2712 1465 2776 pos-

262 2793 389 2857 tulabat
414 2815 433 2857 u
458 2815 509 2858 me
533 2842 541 2857 .
567 2799 605 2854 nt
626 2802 745 2855 terrani
767 2792 858 2855 illam
879 2792 990 2856 darem
1012 2800 1089 2857 anta
1112 2792 1286 2856 nominatae
1313 2789 1468 2857 aecclesiae

262 2893 367 2975 pretio
382 2893 423 2956 ab
437 2914 474 2956 eo
488 2900 617 2974 accepto
631 2939 640 2955 .
654 2889 743 2974 quod
757 2898 792 2953 ct
805 2891 940 2954 consilio
959 2911 1105 2954 meorum
1125 2890 1368 2955 consiliatorum
1387 2908 1469 2952 oon·

262 2991 372 3055 sensi.
417 2990 553 3073 Insuper
567 2997 665 3071 atquc
679 2987 830 3072 placabili
845 2988 984 3072 peeurua
997 2989 1040 3052 ab
1060 3009 1098 3052 eo
1112 2996 1263 3071 suscepta
1281 3007 1341 3072 pro
1358 3006 1468 3051 amoro

263 3086 402 3152 coelestis
417 3087 527 3171 patriae
541 3095 574 3150 et
588 3105 647 3168 pro
662 3085 839 3150 stabilitate
854 3086 945 3170 regni
956 3087 1038 3150 mei.
1050 3085 1135 3150 hauc
1149 3085 1333 3149 donationis
1347 3092 1468 3149 terram

264 3185 442 3250 concedens
468 3184 592 3248 donabo
617 3183 659 3246 ad
684 3183 860 3247 aecclesiam
886 3204 971 3268 saepe
997 3185 1200 3247 nominatam
1225 3183 1329 3247 beate
1353 3181 1474 3247 nans·

264 3283 378 3347 metris
393 3282 538 3346 domini.
560 3280 658 3345 Nune
673 3301 747 3365 ergo
761 3282 845 3344 sicut
854 3281 988 3364 promisi
999 3281 1133 3346 testium
1149 3291 1184 3345 et
1194 3280 1468 3344 consentientium

264 3380 357 3464 signa
372 3391 404 3445 et
420 3380 550 3443 nomina
563 3428 572 3442 .
586 3398 645 3462 pro
667 3379 787 3462 majore
808 3379 997 3462 stabilitatis
1017 3379 1123 3463 gratia
1139 3378 1370 3462 inperpetuum
1392 3397 1471 3441 con·

264 3481 460 3546 servandum
475 3479 662 3545 conscribo.

396 3645 464 3729 Ego
485 3645 555 3708 Otia
574 3643 635 3707 Dei
657 3645 761 3727 gratia
780 3645 975 3709 eoncedente
998 3645 1195 3708 Marciorum
1215 3664 1272 3707 rex
1292 3642 1357 3706 mei
1376 3641 1471 3706 ducis

527 3742 741 3826 postulatione
756 3750 885 3824 rogatus
898 3741 993 3806 ,huic
1007 3742 1174 3806 donationi
1186 3740 1471 3824 praescriptam·

526 3844 612 3907 sensi
634 3891 642 3905 .
665 3851 700 3905 et
722 3842 879 3906 vexillum
901 3843 1126 3906 sacratissimae
1145 3842 1249 3906 crucis
1269 3841 1392 3906 Christi
1411 3861 1472 3925 po

529 3940 751 4003 admonitione
766 3940 949 4003 firmissima
964 3939 1194 4004 subscribendo
1208 3938 1382 4022 inpressi.

398 4040 467 4123 Ego
485 4036 651 4102 Ubtrcdus
673 4037 865 4121 subregulus
884 4057 991 4101 meam
1012 4035 1219 4101 donationem
1239 4036 1332 4121 signo
1350 4042 1472 4100 sunda

527 4134 630 4199 crucis
644 4135 810 4198 corroboro
824 4184 833 4199 .

399 4235 466 4318 Ego
478 4232 638 4297 Aldredus
651 4233 749 4296 imter
760 4233 898 4297 Ulutredi
909 4283 916 4296 .
927 4239 1025 4318 utque
1037 4233 1228 4318 subregulus
1237 4231 1473 4296 Huuiociorum

527 4331 674 4395 consensi
689 4340 723 4395 et
737 4330 929 4415 subscripsi.

319 4514 329 4548 ¹
346 4516 483 4576 lumentis,
494 4515 557 4566 with
567 4532 585 4563 n
596 4517 742 4579 expunctad
753 4516 804 4565 ond
815 4533 839 4566 ιι
850 4517 970 4577 orariis«.
983 4518 1038 4568 its
1231 4516 1243 4549 ⁸
1259 4518 1424 4577 weron,
1438 4513 1475 4567 Κ.

269 4592 282 4628 ⁸
298 4595 456 4661 Principum,
469 4595 504 4649 Κ.
600 4595 772 4650 ‘Alterodto
782 4599 853 4666 imp,
863 4598 931 4662 uss
945 4599 1032 4665 impr„
1043 4597 1080 4651 Κ.

1280 4697 1305 4746 u
1320 4684 1341 4746 2
