3816 5258
248 377 253 387 .
321 372 327 383 .
376 352 439 403 nn.
454 334 544 421 772·l
837 350 922 399 erra
941 349 985 398 ro
1007 349 1120 399 nmen

380 768 453 832 209.
477 766 579 830 Graut
593 768 651 850 sor
672 767 754 829 tlrroc
767 767 842 830 lires
861 768 901 849 by
913 766 1006 848 Koup
1021 765 1093 846 Offa
1117 771 1148 828 to
1161 764 1213 827 lois
1230 763 1323 844 theou
1338 763 1459 839 Retro,
1471 763 1590 846 omos
1650 800 1654 807 ·

511 870 590 932 laod
609 876 643 932 at
668 868 925 949 Eurdouqelodsr,
945 889 984 930 or
1008 866 1170 941 Encelado,
1185 886 1226 928 eo.
1249 863 1516 943 Woroostemoitd
1534 885 1583 928 ro·

510 973 630 1036 version
643 979 675 1035 to
688 971 738 1034 tlte
751 969 932 1055 llouostery
944 971 985 1050 os
993 969 1142 1032 Breodon
1154 966 1365 1050 (Worcester).
1408 981 1473 1031 u).
1487 966 1562 1034 772.

428 1136 552 1199 Cuncta
567 1134 683 1219 regalia
701 1144 829 1218 sceptra
850 1140 938 1196 recto
956 1134 1112 1216 justoque
1134 1130 1353 1195 moderamine
1369 1130 1514 1216 juratae.

383 1232 542 1297 salvatore
563 1232 731 1295 hominnm
745 1283 755 1297 .
776 1232 845 1314 Ego
859 1232 951 1294 Orra
965 1229 1028 1293 Dei
1050 1228 1333 1312 praedestinatione
1355 1248 1436 1294 rex.
1456 1277 1467 1294 .
1487 1278 1497 1293 .
1511 1249 1586 1293 rum

384 1351 528 1393 meorum
549 1330 731 1414 magisterio
754 1329 886 1392 (alectus
898 1335 933 1390 et
952 1324 1101 1409 exemplo
1122 1326 1291 1389 roboratus
1312 1331 1353 1388 ut
1372 1346 1415 1390 ex
1434 1346 1585 1410 per...-

384 1428 476 1511 rcgni
497 1427 638 1491 dominio
651 1428 909 1510 qualemcunque
931 1431 1057 1508 partem
1079 1423 1229 1507 quamvis
1243 1424 1353 1488 minus
1374 1423 1506 1508 dignm
1527 1443 1588 1508 pro

384 1527 472 1590 ab..
488 1575 519 1590 ..
542 1527 762 1610 peccaminum
790 1533 825 1588 et
850 1545 908 1607 pro
930 1522 1152 1606 redemptione
1175 1522 1292 1585 animee
1320 1542 1424 1602 mean
1443 1521 1481 1585 iu
1507 1541 1588 1588 usare

384 1622 608 1687 ecclesiasticae
632 1622 838 1687 liberalitatis
857 1670 888 1685 ..
905 1670 914 1683 .
929 1670 937 1682 .
953 1641 1021 1684 rem
1043 1670 1051 1683 .
1078 1618 1221 1703 Ideoque
1250 1640 1339 1682 nunc
1365 1626 1488 1683 terram
1513 1625 1590 1684 octo

385 1721 586 1784 manentium
602 1719 685 1796 ‚lroc
709 1726 761 1784 est
781 1720 889 1783 ticum
913 1719 972 1800 qui
996 1738 1042 1779 nu
1058 1765 1066 1782 .
1081 1766 1088 1781 .
1105 1766 1112 1780 .
1127 1765 1135 1780 .
1151 1732 1202 1780 ετ
1225 1717 1513 1781 Eocuxonunae
1532 1718 1593 1802 qni

302 1898 305 1904 .
385 1818 469 1880 situs
494 1824 544 1880 est
568 1817 602 1880 iu
622 1817 771 1880 orientali
792 1826 884 1898 parte
899 1814 993 1877 llurii
1008 1813 1066 1897 qui
1081 1815 1215 1876 nomina
1231 1862 1241 1877 .
1263 1862 1271 1876 .
1294 1862 1303 1876 .
1318 1813 1381 1877 deu
1398 1835 1458 1898 pro
1471 1824 1593 1880 aeterne

316 1913 318 1919 ’
387 1914 493 1978 salute
515 1935 592 1977 mee
614 1915 729 1977 anima*
749 1913 944 1996 (quandoque
959 1911 994 1973 in
1010 1912 1120 1974 futuro
1141 1911 1239 1974 dante
1255 1911 1326 1975 Deo
1341 1912 1477 1976 anm
1487 1963 1501 1996 Ι.
1521 1961 1532 1976 .
1553 1962 1562 1977 .
1583 1959 1592 1975 .

388 2032 461 2074 meo
476 2012 622 2074 ministro
644 2011 679 2074 iu
691 2013 746 2093 jus
761 2011 846 2074 ruris
859 2008 1076 2073 ecclesiastici·
1084 2007 1300 2072 libentissime
1321 2008 1505 2091 perdonans
1518 2030 1595 2074 oon·

390 2109 487 2173 cedo:
510 2108 599 2171 hact
619 2159 628 2173 .
651 2158 658 2171 .
682 2109 889 2171 ,conditione
912 2106 1105 2188 interposita
1125 2112 1164 2169 nt
1189 2106 1315 2169 dierum
1341 2105 1432 2171 illius
1456 2109 1596 2172 termino

388 2206 562 2288 uxorisque
577 2226 642 2269 suae
658 2206 798 2268 Bcconx
815 2225 876 2268 nec
890 2224 955 2267 nun
970 2203 1070 2266 etiam
1086 2203 1160 2266 filiae
1178 2203 1249 2285 ejus
1264 2203 1441 2267 1123anAE
1454 2204 1597 2270 habmus

322 2319 325 2325 ’
388 2314 506 2368 terram
521 2304 609 2367 illam
622 2305 695 2383 jure
705 2303 945 2375 dominationis,
953 2312 988 2365 et
1003 2309 1074 2382 post
1090 2301 1216 2364 dierum
1230 2321 1342 2364 eorum
1356 2301 1596 2368 conclusionem

390 2402 491 2465 etiam
512 2422 566 2465 rus
580 2401 847 2485 praenominatum
863 2421 937 2463 curn
952 2398 1037 2461 libro
1051 2397 1277 2480 descriptionis
1291 2397 1392 2481 hujus
1405 2397 1448 2462 ed
1467 2419 1597 2464 monas·

393 2501 511 2564 terium
536 2499 622 2582 quod
646 2499 834 2562 nominatur
849 2499 1012 2561 Ilurones·
1029 2497 1063 2558 in
1075 2496 1164 2561 Huic
1186 2496 1357 2560 reddatur.
1379 2497 1465 2562 Sunt
1486 2487 1597 2562 eutem

394 2598 523 2661 termini
549 2598 631 2660 ruris
655 2597 744 2660 illins
769 2597 805 2659 in
826 2594 976 2660 orientali
1003 2593 1097 2677 plaga
1120 2601 1153 2658 et
1172 2603 1312 2660 cetera.
1335 2595 1598 2660 Coudonuntinm

392 2714 470 2759 vero
493 2704 527 2759 et
549 2695 806 2758 eonsentienturn
833 2696 926 2778 signa
944 2693 998 2756 hic
1014 2693 1100 2755 infra
1118 2701 1153 2756 ct
1175 2693 1308 2756 nomina
1329 2694 1393 2758 snb
1413 2696 1600 2761 ostnnonio

394 2793 513 2875 majore
527 2793 702 2876 perscripto
716 2791 857 2855 notabo.
915 2795 919 2802 ’

524 2943 593 3027 Qu
628 2942 700 3006 ona
736 2963 794 3006 rex
825 2942 912 3006 hanc
937 2965 1043 3010 meam
1080 2947 1338 3012 munificentiam
1381 2949 1473 3035 signo
1495 2952 1601 3017 mucis

651 3060 788 3105 murno.

525 3138 591 3222 Ego
611 3137 792 3202 Radbertus
810 3138 873 3202 Dei
896 3138 983 3202 dono
1005 3141 1174 3225 episeopus
1198 3142 1251 3207 his
1274 3142 1372 3208 dictis
1392 3147 1543 3211 consensi
1566 3155 1602 3211 et

653 3239 851 3322 subscripsi.
1121 3319 1125 3326 ¹

526 3341 593 3425 Ego
615 3341 826 3405 llerlrtlrnnus
842 3341 965 3405 Christi
986 3344 1089 3426 gratia
1104 3345 1221 3429 presul
1247 3346 1299 3411 his
1323 3348 1430 3412 causis
1452 3350 1602 3415 consensi

654 3452 687 3507 et
703 3443 901 3526 subscripsi.

526 3543 592 3626 Ego
606 3540 825 3604 ll'ernurudus
834 3541 968 3605 lrumilis
983 3544 1120 3608 antistes
1136 3545 1189 3611 his
1204 3546 1301 3610 rebus
1315 3547 1464 3612 consensi
1477 3557 1513 3613 et
1526 3550 1603 3614 sub·

655 3658 793 3720 scripsi.

528 3737 595 3821 Ego
621 3735 789 3802 Coelnlfns
815 3736 939 3801 domini
967 3739 1186 3805 misericordia
1210 3741 1358 3807 sacerdos
1386 3746 1534 3810 consensi
1569 3755 1605 3812 et

655 3838 831 3920 subscripsi
851 3888 860 3902 .

528 3937 595 4021 Ego
616 3936 722 4000 Deera
745 3935 877 4001 donnino
896 3938 1093 4004 concedente
1108 3941 1279 4025 episcopus
1292 3942 1346 4007 his
1368 3945 1507 4028 negotiis
1526 3967 1605 4012 oon·

656 4034 742 4098 sensi
758 4042 792 4098 et
806 4034 1008 4118 subscripsi.

530 4133 597 4216 Ego
612 4131 814 4195 Aldberhtus
834 4133 937 4215 gratia
960 4135 1105 4217 gratuita
1124 4135 1248 4201 Christi
1265 4136 1409 4204 donante
1433 4142 1607 4227 episcopus

658 4234 807 4297 consensi
822 4284 830 4298 .
844 4244 880 4299 et
893 4242 1033 4300 cetere.

443 4383 679 4448 Consenserunt
695 4390 728 4445 et
744 4383 1005 4466 subscripserunt
1020 4386 1083 4449 tiri
1097 4388 1284 4473 proesigmrti
1298 4389 1334 4453 in
1347 4389 1420 4455 loco
1434 4392 1492 4475 qni
1503 4395 1607 4458 nomi·

493 4561 501 4594 ¹
519 4564 569 4613 For
580 4563 625 4611 the
635 4563 743 4624 missing
753 4580 871 4626 punget
880 4565 908 4611 in
920 4564 974 4612 this
985 4566 1066 4614 bnrnt
1078 4566 1140 4627 nn,
1151 4583 1193 4616 nee
1203 4568 1250 4616 the
1260 4568 1392 4634 following
1401 4570 1509 4622 marte.
