3816 5258
337 336 401 399 sat
723 349 868 399 eunucu.
888 348 930 399 or
952 346 1133 399 cuorrsuu
1365 329 1444 419 [au.
1458 332 1535 413 εις.

336 506 421 572 diem
436 525 508 571 cum
524 525 637 590 magna
652 502 876 589 indignacionis
890 523 955 589 quo
973 502 1058 569 idem
1078 502 1337 588 archiepiscopus
1351 500 1478 567 reniret
1489 499 1534 566 etl

337 626 432 669 eum.
471 604 542 681 Quo
557 624 630 668 curn
649 604 810 667 venisset!
826 603 979 685 paecepit
993 622 1049 666 tux
1064 652 1072 667 .
1087 610 1127 666 ut
1140 602 1262 667 relictis
1276 600 1426 665 omnibus
1440 598 1536 665 rebus

337 703 404 766 ruis
425 701 578 765 citissimo
600 699 640 765 de
668 701 786 784 Anglia
811 700 1011 765 decederet.
1035 721 1094 765 nee
1119 700 1262 784 aliquam
1289 720 1378 783 rpem
1405 696 1538 763 tantem

339 799 491 863 redeundi
507 798 648 881 amplius
663 818 720 861 nec
736 818 793 881 per
808 808 1003 882 praeceptum
1019 796 1142 861 domiai
1158 818 1249 881 papae
1266 846 1274 862 .
1291 817 1350 863 neo
1364 816 1422 881 pro
1437 794 1539 879 preci·

338 896 399 960 bus
428 896 629 980 imperatoris
658 916 717 959 nec
746 895 883 978 alicujus
915 893 1048 959 alteriue
1078 914 1212 978 persone
1241 895 1305 959 nisi
1342 893 1540 959 consentiret

339 994 499 1058 uoluntati
521 992 592 1075 ejus
614 1041 622 1057 .
643 992 834 1057 dimittendo
855 992 885 1057 ei
907 992 1042 1058 uillam.
1086 993 1312 1057 Trecentorum
1335 990 1539 1055 mancunium

341 1092 469 1155 nomine
496 1090 784 1173 leogeueslmmme
815 1139 824 1155 .
855 1090 986 1174 iusuper
1015 1090 1105 1154 daret
1135 1090 1199 1155 eibi
1228 1140 1236 1154 .
1264 1089 1415 1154 uidelicet
1444 1088 1541 1171 regi.

343 1192 481 1256 Centum
504 1189 619 1271 uiginti
643 1188 740 1251 libras
762 1189 987 1253 denariorum.
1009 1188 1093 1252 lianc
1114 1201 1225 1252 autern
1248 1188 1540 1253 reconciliationem

343 1287 504 1371 predictus
531 1286 580 1349 uir
606 1284 770 1350 ll'lsredus
795 1292 803 1347 t
830 1286 886 1350 diu
911 1290 1096 1350 recusans!
1122 1284 1340 1351 contradixit.
1396 1284 1543 1367 Cumque

344 1384 437 1448 atuici
453 1383 512 1447 riri
528 1382 589 1445 Ilei
605 1390 638 1445 et
653 1382 824 1464 optimates
844 1384 927 1465 regis
946 1382 1004 1465 qui
1028 1382 1121 1445 illum
1143 1383 1318 1466 plurimum
1334 1381 1542 1445 dilexerunt.

345 1481 489 1545 uiderent
510 1479 739 1562 rapacitatem.
756 1494 789 1543 et
805 1478 995 1543 violenciam
1011 1529 1018 1542 .
1035 1480 1140 1563 regin
1157 1479 1356 1563 instipalunt
1370 1476 1544 1561 archiepis·

346 1599 483 1663 copum.
500 1588 537 1640 ut
559 1578 644 1659 regie
667 1575 825 1639 uoluntati
849 1598 887 1641 eo
908 1586 1019 1641 tenore
1042 1584 1189 1661 pareret.
1205 1577 1359 1661 quatinus
1381 1576 1467 1640 idem
1487 1594 1545 1641 rex

346 1674 533 1739 discordiam
549 1694 645 1756 quatu
662 1692 719 1756 per
733 1675 867 1737 nuncios
889 1694 964 1737 suos
985 1674 1071 1738 inter
1092 1673 1304 1757 apostolicum
1325 1683 1358 1739 ct
1373 1672 1545 1757 archiepis·

347 1794 460 1857 copum
483 1778 727 1854 cornposuerat!
748 1772 940 1854 ‹tissipoeu
986 1772 1125 1835 Omnem
1147 1792 1276 1855 qaroque
1298 1778 1491 1855 potestatem
1512 1777 1547 1836 et

348 1870 537 1953 dignitatem
554 1888 642 1951 ,qum
658 1866 698 1931 ad
711 1868 879 1951 primatem
891 1866 999 1932 reden
1012 1868 1196 1953 pertinebat
1209 1918 1216 1932 .
1233 1868 1336 1934 eidem
1353 1867 1438 1953 patri
1449 1868 1548 1951 juxta

349 1968 568 2033 auctoritatem
582 1986 677 2049 quam
693 1976 908 2030 antecessores
919 1966 989 2047 ejus
1002 1966 1115 2047 priscis
1127 1966 1325 2051 temporibus
1336 1965 1548 2031 excellentior

350 2066 531 2131 babuerunt
545 2069 552 2122 l
568 2064 598 2127 ei
620 2064 826 2127 restitueret.
872 2063 1015 2140 Quodsi
1038 2064 1099 2128 hoc
1124 2064 1191 2129 Rex
1209 2064 1313 2129 iacere
1327 2063 1550 2147 nequivisset}

351 2160 547 2249 peccuniam¹
565 2169 597 2225 et
613 2172 729 2225 terram
743 2209 752 2225 .
767 2182 865 2245 quatu
886 2161 928 2225 ab
946 2161 1187 2247 archiepiscopo
1200 2162 1349 2247 etigr-tar
1362 2165 1372 2221 ί
1387 2161 1505 2225 iterum
1518 2160 1551 2227 ei

351 2260 518 2325 redderet.

397 2358 466 2421 llac
482 2357 580 2437 igitur
594 2354 796 2421 condicione!
810 2376 975 2419 assensum
991 2368 1082 2439 puter
1099 2357 1305 2423 Reuereudus
1320 2358 1465 2442 prebuit.
1487 2356 1552 2423 Seu

354 2453 452 2520 nichil
468 2454 565 2537 lmjus
580 2452 721 2537 predicte
736 2454 929 2517 coralitiouiu
946 2452 1116 2538 impletum
1131 2464 1204 2521 eut.
1250 2456 1335 2521 Num
1350 2457 1455 2521 tribue
1469 2456 1553 2523 iute-

352 2555 417 2641 grir
431 2553 525 2615 arinis
541 2562 613 2635 post
627 2550 761 2615 eandem
778 2552 1073 2617 reconciliacionem
1088 2603 1096 2617 .
1112 2562 1271 2639 potestate
1290 2576 1388 2638 quarm
1409 2564 1555 2621 entem·

353 2672 438 2717 tores
453 2652 538 2732 ejus.
550 2658 583 2713 et
599 2650 731 2733 ipsemet
748 2659 822 2713 unte
839 2650 927 2714 illam
943 2650 1134 2715 disconliam
1150 2652 1332 2717 babuerunt
1347 2674 1444 2739 super
1455 2651 1554 2717 Sutlt·

355 2756 493 2813 mentire
510 2758 575 2811 tant
591 2748 625 2809 iu
642 2758 734 2829 paratu
751 2798 757 2809 .
773 2750 939 2831 peccunia¹
957 2799 964 2813 .
981 2750 1185 2815 uestimentis
1199 2802 1207 2815 .
1222 2772 1320 2836 quarn
1342 2751 1554 2817 obediencie.

357 2868 427 2931 qua·
442 2844 482 2909 nd
498 2845 605 2909 sedem
622 2846 900 2928 ruetnqolitauam
917 2846 1122 2931 pertinebant
1137 2852 1147 2907 i
1163 2850 1308 2932 prirutue
1324 2850 1499 2914 retrmnuit.

403 2944 478 3007 l’ost
489 2952 622 3005 mortem
635 2954 742 3004 autem
755 2942 900 3007 Cconulli
917 2944 1000 3026 regis
1014 2964 1089 3009 cutu
1107 2946 1298 3009 lle-omullus
1314 2968 1369 3011 rex
1384 2954 1531 3031 reguuret
1546 2992 1556 3009 .

359 3040 442 3106 idem
466 3053 556 3123 pater
578 3040 857 3123 archiepiscopus.
879 3040 1060 3106 li'llretlrur
1081 3050 1090 3103 t
1114 3044 1273 3108 intitulant
1295 3042 1556 3128 ('euedr,t·timtu.

360 3140 552 3205 ablutissam
578 3135 727 3201 headan
759 3138 922 3224 filiamque
952 3140 1079 3205 Ceuulii
1105 3142 1187 3225 regis
1212 3142 1253 3206 ud
1279 3143 1459 3225 predictum
1482 3162 1558 3208 oeu-

360 3238 492 3303 cilium.
538 3236 610 3313 Quo
636 3256 708 3298 cum
736 3238 934 3319 peruenisset
963 3240 1113 3303 omuibus
1139 3241 1172 3305 iu
1196 3242 1332 3305 concilio
1353 3241 1561 3307 audientibus

361 3336 566 3419 conqueritur
586 3333 841 3418 archiepiscopus
862 3333 902 3399 tle
925 3336 1053 3419 iujuriia
1075 3351 1108 3402 et
1130 3338 1285 3404 uruiestiis
1303 3340 1364 3405 eibi
1384 3348 1418 3405 et
1438 3340 1560 3405 turi-tt

361 3433 491 3499 ecclesie
508 3484 514 3495 .
530 3454 548 3495 u
564 3445 653 3515 patre
668 3454 727 3493 suu
741 3432 841 3497 illatis
856 3434 1181 3521 emendaciouetuque
1202 3438 1244 3501 ab
1265 3460 1303 3503 ea
1325 3438 1352 3503 ui
1368 3440 1496 3523 justum
1510 3446 1562 3501 est

362 3530 523 3617 postulat.
568 3530 657 3593 ‘lianc
684 3550 778 3593 auitae
808 3531 981 3598 concilium
1013 3554 1071 3619 pro
1095 3534 1228 3616 justicie
1258 3536 1383 3601 inuenit
1405 3586 1413 3599 .
1439 3546 1475 3601 et
1499 3536 1561 3601 ltoe

362 3630 514 3693 uuunituo
528 3649 683 3691 consentu
695 3626 836 3693 decrevit
853 3643 889 3693 ut
912 3630 969 3693 illa
986 3634 1093 3697 ‹irrruiu
1109 3656 1182 3717 qua
1198 3644 1289 3719 pater
1302 3636 1373 3717 ejus
1387 3634 1561 3721 archiepis·

362 3750 441 3813 copo
456 3728 573 3811 injuste
593 3724 768 3790 ulatulemt
788 3728 876 3809 juste
897 3726 1004 3792 eidem
1026 3730 1157 3795 reddere
1179 3732 1341 3797 debuisset
1355 3783 1363 3797 .
1379 3736 1562 3818 iterumque

363 3822 577 3889 taututuderu²
600 3846 656 3909 pro
677 3822 903 3887 etrreudacioue
927 3874 935 3888 .
960 3824 1097 3910 tir-opo
1115 3848 1243 3893 otuuetu
1259 3852 1353 3897 usutu
1368 3830 1562 3897 curcurlum.

363 3949 457 4013 quem
474 3928 506 3989 iu
524 3924 579 3989 illo
593 3927 700 4010 apuleio
715 3926 859 4011 prelatus
873 3938 965 4010 pater
980 3926 1185 4013 perdiderat.
1208 3930 1301 4009 Quod
1317 3932 1386 4015 ipsa
1395 3932 1565 3999 humiliter

365 4024 557 4109 spopondit.

410 4122 533 4185 l’lucuit
550 4120 658 4203 itaque
677 4118 848 4183 lleornullo
862 4140 934 4203 rege
955 4144 1029 4187 cunr
1051 4126 1118 4188 suis
1133 4126 1332 4209 rapientibus
1347 4148 1405 4211 pro
1418 4128 1566 4195 amicicie

366 4218 491 4285 Cenulli
507 4268 513 4279 .
527 4218 609 4297 regis
620 4226 651 4279 et
663 4215 814 4279 luendum
827 4216 915 4281 illius
930 4270 937 4283 .
954 4224 1178 4305 prenominato
1194 4224 1431 4309 archiepiscop»
1444 4276 1452 4289 .
1467 4246 1566 4311 supra

366 4316 523 4381 dictarum
547 4334 653 4379 rerum
675 4312 922 4393 diligentissime
937 4318 1231 4385 remaciliacioueur
1254 4334 1288 4383 et
1304 4322 1566 4389 emendacionem

366 4415 492 4481 luceru.
537 4414 621 4491 Quia
643 4426 775 4477 eutem.
797 4411 858 4479 boe
880 4418 1102 4499 prenominato
1123 4437 1217 4501 rege.
1236 4418 1407 4485 nomeu
1422 4473 1428 4485 .
1445 4420 1569 4507 plueuit

626 4594 788 4655 ’ΜΚ
1057 4601 1305 4665 wau-ente.
