3816 5258
252 453 537 540 an759x765.]
575 482 578 489 ·
662 468 806 520 srcnnro
827 472 1086 523 romnouunr.
1407 464 1472 531 275

251 623 389 691 liberam
403 647 463 711 per
476 629 584 693 omnia
598 629 720 695 habeat
732 635 952 714 potestatem.
996 629 1083 696 Sane
1096 630 1177 715 quia
1195 633 1379 699 cavendnm
1399 641 1478 714 est,

253 745 295 790 nc
304 725 495 791 hodiernam
506 727 714 796 donationem
724 736 870 794 nostram
881 730 984 794 futuri
995 733 1154 816 temporis
1166 734 1328 818 abnegare
1342 735 1453 801 valeat
1465 775 1476 804 ,

254 824 340 888 etin
354 826 544 910 ambiguum
558 828 715 893 devocare
730 827 944 912 presumptio
954 827 1098 913 ,placuit
1109 830 1211 894 michi
1222 831 1308 897 hanc
1322 833 1476 918 peromnem

253 921 389 989 condere
398 934 450 1000 ,et
463 947 528 989 una
543 947 618 990 cum
633 926 758 1010 cespite
773 933 865 990 terrae
881 926 1047 1010 praedictae
1061 928 1191 994 tradere
1206 930 1270 993 tibi
1282 949 1360 1014 ,per
1373 951 1474 1015 quam

253 1040 319 1085 non
333 1022 440 1086 solum
455 1024 607 1090 omnibus
621 1026 703 1090 meis
720 1025 957 1089 successoribus
975 1046 1089 1109 regum
1103 1025 1177 1091 sire
1190 1027 1377 1110 principum
1391 1078 1401 1104 ‚
1415 1027 1474 1094 sed
1515 1013 1520 1019 ¹

254 1120 353 1184 etiam
368 1121 468 1185 michi
485 1121 549 1205 ipsi
563 1123 696 1206 penitus
711 1122 869 1186 interdico
886 1173 894 1198 ,
909 1142 951 1187 ne
964 1122 1062 1187 aliter
1075 1144 1176 1208 quam
1191 1145 1282 1189 nunc
1296 1146 1316 1189 s
1330 1146 1383 1190 me
1397 1146 1474 1191 con·

254 1218 407 1283 stitutum
419 1227 470 1284 est
481 1271 490 1298 ,
500 1220 570 1284 ullo
581 1229 727 1306 tempore
738 1221 779 1284 de
791 1220 905 1284 eadem
917 1229 1004 1285 terra
1013 1222 1188 1306 quippiam
1201 1242 1298 1308 agere
1312 1223 1474 1288 audeant·

298 1316 393 1394 Quod
407 1319 509 1402 siqui
523 1319 606 1384 forte
624 1319 794 1384 observare
816 1317 1021 1402 neglexerint
1034 1369 1045 1396 ‚
1058 1327 1095 1384 et
1114 1320 1240 1404 absque
1259 1320 1359 1404 digna
1378 1321 1474 1386 satis·

254 1415 394 1480 factione
416 1418 585 1501 praesentis
600 1418 676 1482 xitoe
697 1416 907 1500 impleverint
927 1415 1076 1480 infelices
1097 1416 1170 1481 dies
1184 1469 1195 1494 ,
1207 1417 1345 1482 audiant
1359 1439 1472 1483 rocem

253 1515 366 1578 aeterni
387 1515 510 1598 judicis
531 1516 593 1582 sub
616 1517 680 1580 fine
703 1514 819 1578 mundi
840 1514 981 1579 dicentis
1002 1514 1045 1579 od
1070 1514 1214 1598 impios.
1259 1515 1472 1581 “Discediw

253 1632 274 1675 o
287 1613 543 1688 me,maledicti
563 1663 571 1690 ,
590 1613 753 1697 inignem
774 1618 935 1678 aetemum
950 1660 959 1687 ‚
972 1612 1031 1694 qni
1053 1617 1255 1694 preparatus
1273 1620 1325 1677 est
1343 1611 1474 1677 diabolo

254 1716 289 1775 st
309 1710 434 1796 angelis
456 1712 553 1795 ejus’'.
598 1710 664 1789 Qui
686 1731 763 1775 rem
789 1709 975 1773 curaverint
994 1708 1160 1774 custodire
1172 1708 1364 1792 'nichilque’
1384 1709 1472 1774 inro-

252 1807 362 1920 garint
385 1807 536 1885 adversi,
551 1808 686 1873 audiant
716 1827 828 1872 vocem
856 1805 1104 1871 clementissimi
1124 1805 1241 1869 arbitri
1261 1856 1272 1883 ‚
1292 1806 1473 1891 inquientis

254 1903 344 1969 ad
311 1925 404 1988 pros.
448 1907 634 1982 “Verrita⁸‚
648 1904 811 1970 benedicti
830 1904 935 1988 petris
956 1902 1022 1968 mei
1035 1903 1220 1986 ,percipite
1232 1923 1370 1988 regnum
1384 1903 1473 1988 quod

255 2004 347 2068 robis
360 2014 512 2088 paratum
526 2012 577 2070 est
590 2005 632 2069 ab
646 2024 770 2088 onmne
784 2000 941 2065 mundi
1543 2037 1545 2041 -

299 2102 470 2185 Adjcctis.
486 2119 565 2168 1111.
583 2101 789 2167 Daenberis⁴
778 2122 815 2164 ιιι
837 2119 1009 2164 commune
1027 2098 1141 2174 saltu,
1154 2054 1218 2163 hoc
1239 2105 1315 2176 est,
1328 2096 1475 2165 Uueald·

256 2201 458 2266 sennenn&
474 2200 715 2286 Billincgdem.
732 2196 1354 2282 eealcbvras.n1e0sden.1tinoigsol,

390 2328 431 2407 ⁵1-
452 2325 523 2410 Ego
551 2323 722 2409 Sigeredns
751 2343 809 2388 rex
835 2322 923 2386 lmuc
950 2320 1162 2385 donationem
1190 2340 1213 2384 a
1240 2341 1294 2385 me
1323 2319 1443 2384 iactam
1465 2369 1476 2400 ‚

519 2424 649 2508 signum
679 2429 799 2487 sunctae
828 2420 935 2486 cmcis
963 2419 1095 2503 propria
1126 2438 1230 2482 manu
1265 2418 1436 2484 scribendo
1465 2467 1477 2498 ,

520 2523 649 2588 firmavi
664 2543 772 2587 coram
787 2520 992 2605 Bnegouuino
1006 2519 1273 2603 archiepiscopo.

389 2627 431 2708 sl<
454 2623 525 2708 Ego
546 2622 772 2707 Bregouuiuus
791 2619 1077 2703 archiepiscopus,
1095 2617 1140 2681 ad
1160 2617 1355 2702 petitionem
1373 2618 1476 2682 dona·

519 2722 600 2786 toris
614 2727 691 2785 ante
705 2718 852 2803 predicti
867 2768 877 2793 ,
891 2717 1040 2782 consensi
1053 2728 1090 2781 et
1103 2716 1282 2801 subscripsi
1295 2765 1305 2781 .

291 2877 294 2881 .
390 2826 431 2905 ᾧ
454 2823 591 2908 Signum
606 2842 723 2886 manus
738 2818 935 2885 Hereberhti
948 2818 1098 2885 abbatis.

390 2925 432 3004 ᾧ
455 2923 592 3007 Signum
606 2941 723 2984 manus
738 2920 839 2984 Baete
853 2917 1005 2982 abbatis.

391 3023 432 3102 ᾧ
455 3020 593 3105 Signum
608 3039 726 3082 manus
740 3017 850 3080 Bruno
863 3014 1017 3080 abbatis.

391 3122 432 3201 ᾧ
455 3119 592 3202 Signum
607 3137 724 3180 manus
739 3113 932 3179 AEscnualdi
947 3113 1153 3197 presbyteri.

390 3219 432 3298 ᾧ
456 3217 593 3301 Signum
607 3235 726 3279 manus
740 3209 912 3297 Ecgbaldi³
927 3211 1058 3277 comitis
1071 3219 1173 3297 atque
1186 3212 1355 3295 preelecti.

393 3318 435 3397 ᾧ
457 3315 594 3400 Signum
609 3333 725 3377 manus
740 3310 955 3377 Ealdhuuni.

390 3415 432 3494 ᾧ
455 3412 591 3496 Signum
606 3430 724 3474 manus
738 3409 850 3474 Esne.

390 3512 431 3591 ᾧ
455 3511 592 3593 Signum
607 3528 723 3572 manus
738 3505 947 3571 Badohnrdi.

389 3609 431 3688 ᾧ
454 3608 590 3691 Signum
605 3625 723 3669 manus
737 3603 966 3669 AEthelnodi.

304 3734 527 3818 Corfimnatiffl
540 3733 718 3797 Eunnrund
720 3733 733 3795 i
746 3731 850 3814 Rapis

391 3853 432 3932 '1⁴
455 3848 524 3933 Fgo
538 3849 756 3911 Ennomus
774 3867 830 3910 rex
847 3844 934 3908 hanc
948 3845 1037 3928 piam
1053 3845 1265 3909 donationem
1280 3845 1480 3929 suprascrip-

523 3954 592 4010 tam
603 3945 733 4029 propria
748 3964 847 4007 manu
862 3942 1080 4006 roborandum
1095 3942 1160 4008 hoc
1173 3941 1343 4026 signaculo
1356 3950 1478 4008 sanctae

521 4043 624 4107 crucis
645 4041 814 4126 expressi,
835 4041 871 4103 in
893 4039 965 4105 loco
986 4041 1080 4122 cujus
1102 4039 1300 4104 vocabulum
1321 4048 1372 4104 est
1386 4039 1478 4104 Gon·

520 4155 718 4204 crocssamr
734 4189 743 4215 ,
758 4149 918 4223 presente
934 4136 1113 4202 venerabili
1132 4136 1375 4221 archiepiscopo
1390 4136 1476 4200 Bar·

520 4253 672 4301 soemo
701 4245 735 4301 et
768 4237 994 4301 consentiente
1020 4285 1029 4310 ‚
1055 4235 1192 4298 consilio
1225 4235 1348 4319 quippe
1375 4241 1475 4319 atquc

520 4356 678 4399 consensu
701 4335 847 4398 omnium
870 4335 1068 4417 optimatum
1095 4343 1128 4397 et
1154 4333 1341 4417 principum
1366 4333 1475 4417 gentis

524 4434 797 4499 Cautuariornm.

309 4575 318 4609 ¹
336 4576 411 4625 usn.
424 4591 484 4635 ιιι,
496 4576 537 4623 41.
645 4572 657 4605 ²
673 4572 804 4635 Nihilque,
817 4569 854 4620 Κ.
964 4570 977 4603 ⁸
992 4571 1068 4620 llatt.
1080 4587 1142 4630 nr,
1153 4573 1193 4620 st
1303 4570 1316 4601 ⁴
1332 4570 1425 4631 nuno„
1438 4569 1474 4620 Η.

259 4656 387 4715 ’natm
410 4653 446 4704 Η.
592 4652 793 4715 ‘Billincgtlem
818 4649 851 4701 B.
1006 4648 1176 4714 'Erginum
1199 4648 1256 4711 Η.;
1284 4649 1416 4714 thnldl.
1439 4647 1474 4701 Β.

258 4731 429 4794 ¹·nothiK.
529 4728 868 4791 'Thistitleomittndk
1283 4809 1341 4873 η
