3676 5294
371 310 437 362 an.
453 296 542 382 839]
670 312 870 365 euorrssrou
892 314 933 364 or
953 315 1074 367 nrsnoe
1094 313 1279 397 msam
1502 298 1569 365 595

373 686 446 751 424
468 686 646 770 Proscssioo
666 688 706 772 of
721 688 895 764 Hdoaston,
908 688 1026 773 Bislrop
1046 692 1085 772 of
1110 688 1303 769 mamea,
1323 697 1354 754 to
1372 688 1569 773 Ardbr'alrep

803 788 953 855 Gcolnott.
996 806 1061 854 ao.
1076 792 1149 857 839.

535 918 718 983 Pnoressro
739 920 940 999 Herusrmr
959 920 1213 987 Wm'roxrmsrs
1233 922 1408 987 nasoon.

420 1065 460 1129 In
476 1067 605 1131 ruornine
619 1066 743 1131 ‹loruiui
757 1067 857 1131 uestri
872 1067 975 1131 Jhesu
990 1052 1134 1133 Christi.
1177 1069 1245 1153 Ego
1264 1070 1494 1134 Hfitttsmtts
1507 1120 1517 1147 ,
1529 1090 1570 1135 ao

377 1165 405 1227 si
430 1164 672 1249 indignissimus
698 1165 843 1228 omnium
868 1164 1037 1229 homiuum
1063 1218 1071 1242 ‚
1097 1175 1204 1231 tamen
1229 1167 1339 1233 divina
1363 1168 1586 1251 dispensante.

377 1265 481 1345 gratia
496 1314 504 1339 ‚
518 1285 539 1327 a
553 1272 665 1328 sancta
679 1272 714 1329 et
727 1264 909 1347 apostolieae
929 1264 1015 1329 sedis
1036 1264 1194 1349 dignitate
1214 1273 1248 1331 et
1268 1266 1309 1331 ab
1329 1266 1572 1351 congregatione

378 1362 521 1427 civitatis
535 1363 741 1427 ll'nxmffi
755 1383 879 1427 necnon
894 1362 1006 1427 AEthel
1021 1412 1150 1429 ......
1164 1364 1260 1449 Regis
1273 1415 1283 1441 ,
1296 1372 1331 1429 et
1351 1364 1573 1449 episcoporum

379 1461 672 1544 optimatorurnque
701 1462 771 1543 ejus
803 1470 837 1525 et
870 1459 971 1524 totius
1000 1462 1093 1545 genti
1128 1462 1373 1527 occidentalium
1406 1462 1573 1529 soonam

378 1558 576 1623 unanimiter
589 1560 631 1622 ad
646 1558 836 1642 episcopalis
850 1558 946 1621 otlicii
961 1558 1096 1643 gmduru
1111 1558 1231 1623 electus
1246 1559 1314 1636 ,die
1327 1576 1389 1623 xm
1400 1559 1575 1627 ,kalendas
1612 1574 1615 1581 '

380 1656 576 1739 Septembris
601 1658 636 1720 in
664 1657 735 1721 loeo
764 1656 915 1739 pnecloro
940 1658 1147 1741 antiquorum
1171 1657 1387 1723 Romanorum
1409 1664 1479 1723 arte
1497 1678 1575 1723 eon·

379 1760 502 1819 structo
526 1755 688 1839 vulgoque
716 1776 774 1839 per
802 1754 932 1820 tulluris
962 1756 1067 1839 spatio
1096 1756 1235 1821 vocitato
1263 1756 1378 1821 ciuitas
1405 1754 1577 1821 Lundonis

379 1873 496 1937 magua
506 1853 620 1931 ,exiro
635 1853 909 1919 venerabilissimo
924 1862 957 1917 et
971 1854 1143 1937 peremnia
1159 1854 1360 1919 sanctissimo
1373 1854 1576 1921 coemento

380 1950 587 2015 Dororerniae
611 1952 754 2015 cir-'itatis
772 1951 1023 2036 arclriepisoopo¹
1046 1961 1245 2017 sacrosancte
1257 2000 1381 2019 ......
1395 1952 1503 2037 atquo
1522 1950 1579 2017 αι’

383 2050 523 2133 regimen
543 2050 724 2113 animarum
742 2070 800 2133 per
815 2048 1001 2133 exemplum
1017 2050 1173 2134 apostolic
1187 2050 1421 2115 seordmstionis
1435 2050 1485 2115 in'
1494 2048 1580 2135 epis·

385 2156 518 2230 copatus
532 2148 667 2232 gradum
681 2156 800 2212 unctus
815 2198 824 2223 ‚
838 2149 974 2231 Deoque
988 2148 1031 2212 ad
1045 2148 1250 2213 seruiendum
1264 2148 1400 2215 fideliter
1424 2149 1582 2226 edoctus,

381 2247 537 2329 cujusque
553 2246 618 2310 cari
632 2254 667 2311 et
687 2246 831 2330 praeclari
852 2246 1077 2329 praenominati
1099 2246 1339 2330 archiepiscopi¹
1360 2245 1546 2329 magisterio
1571 2294 1581 2321 ,

382 2365 435 2409 me
449 2345 724 2428 obtemperantem
746 2344 850 2428 adque
872 2344 1058 2429 apostolice
1080 2344 1165 2409 sedis
1188 2350 1306 2408 sancte
1326 2342 1582 2409 Dorouernensis

385 2443 526 2508 eeclesiae
547 2444 583 2507 in
604 2444 755 2507 oumibus
777 2442 979 2507 obedientem
1000 2462 1071 2507 esse
1094 2443 1196 2507 lateor
1217 2493 1226 2519 ,
1247 2442 1294 2507 ita
1314 2450 1353 2506 ut
1374 2442 1411 2506 in
1434 2440 1583 2527 pristinis

382 2543 650 2607 constitutionum
662 2542 860 2607 scandalium
875 2541 1095 2605 sanctionibus
1109 2541 1251 2624 legentes
1264 2540 1462 2625 repperimus
1473 2538 1581 2625 ,quod

385 2641 601 2725 principatum
624 2649 714 2707 tenet
736 2640 882 2704 Romana
902 2640 1039 2704 ecclesia
1059 2649 1094 2704 et
1114 2639 1295 2723 apostolice
1316 2639 1401 2704 sedis
1417 2638 1582 2724 dignitas.

383 2740 542 2823 scriptura
564 2739 691 2803 dicente
706 2788 714 2813 ‚
729 2738 867 2821 “supra⁴
882 2758 1010 2802 oruuem
1032 2738 1298 2823 principatum”,
1321 2745 1357 2803 et
1380 2744 1496 2803 caetera
1516 2786 1527 2815 ,
1546 2745 1583 2803 et
1623 2728 1626 2733 ¹

383 2836 458 2902 iude
483 2838 579 2901 sicuti
608 2858 666 2920 per
692 2836 848 2899 ruumlum
875 2856 932 2918 per
959 2836 1182 2920 predicatores
1211 2842 1337 2901 sanctos
1359 2835 1581 2921 Augustinum

383 2956 508 3000 necnon
520 2935 591 3019 per⁸
605 2935 706 2999 socias
718 2956 792 2999 suas
807 2934 848 2997 ad
863 2934 970 2998 sedem
985 2934 1248 3017 praenominatam
1259 2940 1400 3019 potestas
1408 2934 1479 3018 ipsa
1489 2932 1582 3017 aliu·

385 3044 461 3097 rata
483 3042 556 3109 est,
574 3042 607 3097 et
629 3033 676 3096 sic
698 3052 808 3096 ornnes
830 3032 865 3094 in
887 3052 945 3095 suo
966 3031 1086 3096 ‹lioeesi
1108 3033 1178 3097 sine
1198 3032 1333 3115 majores
1352 3031 1422 3097 sire
1442 3031 1583 3097 urineres

389 3133 504 3195 subtus
519 3152 554 3195 se
575 3131 770 3194 inclinarent
791 3129 895 3212 adque
917 3130 1128 3195 humiliarent
1142 3181 1150 3206 ,
1164 3130 1211 3195 ita
1232 3151 1284 3195 me
1305 3150 1480 3215 omnesque
1500 3129 1584 3195 milri

387 3230 548 3313 subjectos
570 3229 641 3293 Deo
667 3229 843 3291 servientes
868 3228 908 3291 ad
929 3226 1015 3292 sedis
1031 3229 1142 3313 ¹ipsius
1164 3228 1392 3313 dominatu[m]
1406 3234 1586 3313 corporeet

387 3335 496 3391 mente
507 3325 679 3389 humiliare
692 3326 762 3389 Deo
778 3326 907 3388 fareute
922 3327 1098 3389 contestu?
1108 3377 1116 3402 ,
1127 3334 1160 3389 et
1171 3326 1216 3391 sio
1227 3326 1289 3390 sibi
1300 3326 1340 3389 de
1351 3336 1467 3391 nostae
1477 3326 1585 3410 parvi·

387 3426 464 3489 tatis
480 3432 599 3488 eventu
614 3424 734 3487 sociare
750 3423 817 3487 sive
833 3422 1046 3506 spiritualiter
1060 3444 1118 3489 seu
1138 3424 1344 3507 corporaliter
1359 3475 1367 3501 ,
1381 3432 1419 3489 ut
1439 3424 1585 3489 honestis

387 3525 465 3587 filiis
479 3546 537 3587 suo
551 3522 728 3587 venerabili
742 3523 827 3605 patri
841 3523 933 3587 decet
947 3574 956 3599 ,
970 3523 1158 3588 colrareutlo
1172 3532 1206 3588 et
1218 3524 1279 3587 hoc
1293 3522 1432 3608 optando
1453 3532 1494 3590 at
1513 3524 1585 3608 ipse
1624 3530 1627 3535 '

375 3630 478 3707 pater
504 3622 668 3706 piissimus
689 3669 698 3697 ,
720 3622 842 3684 (litatus
865 3621 941 3684 tiliis
965 3621 1154 3686 castissimis
1177 3671 1185 3696 ,
1205 3621 1247 3684 ad
1268 3642 1401 3705 regumn
1423 3620 1587 3704 praecedat

386 3722 605 3803 justissimum
618 3739 791 3802 secumque
807 3740 865 3782 rues
879 3718 1017 3783 deducat
1032 3718 1251 3783 sanctissimus
1265 3719 1309 3781 ibi
1324 3720 1492 3801 praemium
1512 3738 1586 3803 per·

389 3820 489 3903 cipiat
514 3819 554 3883 tle
576 3818 660 3881 tanti
680 3817 799 3882 laboris
821 3817 955 3881 uictoria
976 3837 1051 3881 eum
1073 3826 1266 3902 quautonun
1288 3818 1382 3881 turba
1404 3808 1584 3883 aninrarum

390 3924 561 3981 coronatus
575 3916 712 3980 intraret
726 3916 761 3978 iu
775 3914 933 3999 gloriam.

466 4100 815 4154 [urnam-mursa.
988 4098 997 4149 ι
1067 4098 1563 4151 ιιιιιιιιιωιιιειιιιιιωιιιιμιιι.

439 4277 598 4342 mmsis„
739 4272 998 4337 ’reomensem
1135 4272 1252 4337 mett.
1388 4276 1587 4341 «εμιιιιιι.

388 4360 478 4421 uror,
491 4358 527 4410 ιι.
