3816 5258
66 389 70 398 ,
251 274 443 409 ω798.]’.
514 402 517 407 ν
623 336 1093 389 rorsmomrooomuur.
1235 362 1238 367 ·
1389 321 1456 390 399

252 494 522 563 Christianissirni
536 514 626 580 reges
640 516 765 581 semper
777 516 821 561 ex
834 496 947 562 eadem
962 496 1049 562 beati
1058 494 1148 562 Petri
1161 494 1318 563 eeccleda
1331 494 1458 563 iontem

251 594 401 660 veritatis
416 592 654 678 [h]auriebant.
666 601 700 660 et
713 594 1036 679 inreprehensibilem
1049 594 1324 680 orthodoxamque
1338 594 1458 661 iidem.

253 693 307 757 Ita
321 699 357 757 et
378 701 487 757 vestra
501 691 691 758 excellentia
704 694 927 777 protectricem
942 744 950 760 .
965 700 1000 760 et
1013 683 1187 760 doctricem
1208 713 1339 779 prorsus
1359 700 1458 761 utens

253 810 358 874 usque
373 797 470 855 tenus
484 790 677 874 amplectere
689 797 724 857 et
736 798 848 858 tenere
861 792 1015 857 habebit.
1060 791 1155 870 Quod
1175 812 1253 858 vero
1273 791 1459 877 inquisistis

254 888 343 953 unde
357 888 547 971 contigisset
561 887 647 971 quod
660 889 761 954 beatae
774 890 1004 956 recordationis
1018 890 1182 955 Adrianus
1190 896 1194 905 '
1203 910 1288 975 papa
1308 896 1344 957 et
1365 894 1458 957 ante·
1583 876 1588 883 ’

255 1004 364 1051 sessor
378 994 488 1051 uoster
502 1036 509 1049 .
525 987 777 1052 Dorosurnensis
791 988 970 1073 episeopus¹
981 989 1205 1055 auctoritatem
1215 997 1326 1055 contra
1335 1008 1459 1057 morem

254 1085 449 1150 minuisset.
464 1090 498 1150 et
512 1085 547 1149 in
562 1085 642 1149 duas
655 1084 920 1171 archiepiscopias
934 1086 1026 1152 sedes
1047 1087 1238 1154 auctoritate
1259 1107 1320 1153 sua
1340 1087 1458 1154 condr-

254 1194 359 1251 maret
372 1236 381 1251 .
396 1186 444 1250 at²
459 1185 546 1270 qnod
560 1187 716 1252 veraciter
729 1188 952 1270 respondimus
962 1188 1048 1272 quod
1059 1209 1124 1254 non
1134 1188 1230 1254 aliter
1238 1188 1301 1255 hoo
1311 1187 1458 1257 iecisset.

254 1286 319 1349 nisi
334 1305 391 1368 pro
406 1304 444 1349 eo
459 1284 546 1368 quod
561 1305 616 1350 rex
631 1291 736 1351 vester
753 1287 1067 1370 praecellentissimus
1082 1288 1155 1353 offa
1168 1287 1237 1353 suis
1251 1286 1371 1353 litteris
1391 1284 1464 1355 tes-'

255 1390 345 1448 tatus
359 1391 410 1447 est
424 1433 433 1447 .
449 1390 488 1446 ut
502 1383 537 1447 in
551 1382 586 1448 id
600 1383 743 1448 omnium
757 1390 901 1450 restrum
916 1405 982 1450 una
995 1386 1145 1451 voluntas
1160 1391 1194 1451 et
1207 1386 1364 1451 unanime
1374 1392 1460 1455 esset

256 1481 372 1565 petitio
386 1480 441 1544 rel
458 1489 587 1564 propter
601 1482 785 1547 vastitatem
799 1488 956 1547 terronam
971 1492 1151 1548 vestrarum
1165 1532 1174 1549 .
1188 1489 1222 1549 et
1235 1484 1460 1551 extensionem

256 1578 348 1661 regui
362 1579 486 1642 vestri.
502 1598 641 1643 necnon
656 1588 689 1645 et
702 1580 775 1645 aliis
789 1580 1036 1665 quamplurimis
1055 1580 1160 1647 oensis
1181 1588 1215 1646 et
1235 1580 1437 1647 utilitatibus
1449 1604 1461 1661 ς

257 1677 320 1739 Pru
334 1675 387 1739 his
402 1676 552 1759 precipue
567 1678 671 1742 causis
684 1676 839 1743 honorem
865 1679 958 1764 pallii
981 1678 1176 1744 Merciorurn
1197 1678 1348 1763 episcopo
1368 1678 1460 1745 dour·

258 1794 321 1836 nus
349 1773 517 1839 Adrianus
545 1776 737 1859 apostoliens
766 1776 910 1858 direxit3
953 1777 1043 1843 Illud
1069 1798 1145 1843 vero
1169 1776 1259 1861 quod
1282 1776 1319 1841 in
1343 1779 1461 1844 uestis

257 1873 458 1936 referebatur
492 1873 640 1957 apicibus
675 1895 735 1940 nos
770 1877 966 1961 interrogare
995 1923 1004 1942 .
1034 1875 1069 1940 Si
1098 1875 1218 1940 summi
1252 1874 1461 1959 pontificatus

258 1971 434 2036 auctoritas
460 1972 495 2034 in
522 1972 653 2037 civitate
676 1971 847 2037 lundonia
871 2023 879 2038 .
906 1973 964 2037 ubi
991 1971 1107 2037 beatus
1130 1970 1325 2056 Agustinus¹
1349 1978 1462 2039 sancto

259 2068 415 2153 Gregorio
444 2070 603 2154 dirigente
633 2071 786 2135 honorem
822 2070 916 2155 pallii
951 2070 1096 2154 percepit
1131 2068 1284 2134 canonico
1315 2068 1462 2135 licentis⁴

258 2173 362 2259 possit
375 2172 511 2236 haberi.
533 2171 603 2235 Nos
613 2190 818 2256 nequaquam
830 2172 898 2237 illis
919 2171 1037 2236 summi
1059 2170 1267 2254 pontificatus
1287 2170 1464 2236 auctorita·

260 2282 328 2338 tem
358 2271 500 2337 tribuere
536 2270 705 2335 audemus⁵
739 2270 798 2335 sed
832 2271 1009 2355 primatum
1036 2268 1132 2334 illum
1160 2266 1257 2334 sicuti
1279 2268 1464 2335 Dororerni

261 2367 473 2436 coustitutus⁶
495 2374 576 2434 est.
603 2369 739 2457 primam
763 2369 873 2434 sedem
901 2376 936 2435 et
964 2366 1169 2434 concedimus
1196 2416 1205 2431 .
1234 2371 1269 2433 et
1296 2374 1466 2434 censentes

260 2468 504 2553 promulgamus
518 2513 525 2528 .
543 2468 601 2551 qui
615 2473 744 2532 sanctam
758 2474 793 2531 et
807 2466 1001 2532 venerabilis
1015 2464 1218 2550 predecessor
1232 2472 1343 2530 noster
1355 2464 1466 2531 Geles-

261 2568 352 2632 tinus
366 2586 451 2650 papa
466 2585 525 2631 nos
540 2565 670 2631 docuit.
684 2566 836 2651 inquiens
851 2616 859 2632 .
882 2574 899 2600 “
908 2566 983 2631 Non
998 2567 1043 2630 sit
1055 2584 1139 2629 vana
1150 2562 1297 2648 gloriatio
1305 2562 1467 2648 paneade

261 2664 438 2749 episcopali
465 2685 553 2729 more
579 2664 636 2748 qui
657 2664 797 2748 episcopi
821 2670 898 2729 sunt
919 2663 1127 2748 sequantur'’;
1147 2662 1192 2727 Et
1214 2660 1287 2727 ideo
1311 2662 1469 2729 canonice

261 2770 391 2847 oportet
412 2762 508 2827 illum
529 2762 703 2846 primatum
725 2762 864 2827 existere
885 2761 996 2846 etque⁸
1019 2760 1127 2827 vocari
1149 2808 1157 2824 .
1181 2764 1215 2824 et
1241 2778 1300 2844 per
1323 2758 1468 2827 ordinem

264 2862 375 2926 sicuti⁹
404 2882 424 2925 a
453 2860 735 2944 predecessoribus
770 2861 890 2927 nostris
926 2859 1133 2925 constituitur
1165 2856 1470 2943 archiepiscopalem

263 2959 374 3024 sedem
388 2959 435 3024 ita
449 2979 603 3023 venerare
618 2967 652 3024 et
664 2958 820 3023 honorare
834 2958 869 3021 in
884 2958 1054 3023 omnibus.
1076 2957 1129 3021 De
1142 2954 1220 3019 *illa'
1236 2974 1313 3020 vera
1332 2954 1471 3040 epistola

263 3078 364 3142 quam
378 3056 621 3123 sledclheardus
636 3057 916 3122 reverentissimus
930 3064 965 3121 et
979 3053 1200 3121 sanctissimus
1215 3053 1309 3119 nobis
1329 3054 1439 3119 emisit
1459 3102 1470 3123 .
1567 3098 1571 3105 -

264 3156 539 3241 quemadmodum
564 3156 709 3241 poposcit
734 3162 843 3220 restra
866 3154 1058 3220 excellentia
1082 3203 1089 3217 .
1114 3152 1290 3237 eademqne
1313 3150 1471 3236 liquidius
1510 3181 1513 3187 ¹

265 3259 445 3344 relegentes
460 3259 545 3323 sicut
560 3258 692 3323 decebat
706 3259 873 3323 sanctitati
888 3259 958 3341 ejus
979 3255 1180 3322 enucleatius
1201 3253 1401 3320 reddidimus
1420 3274 1472 3323 re·

264 3379 422 3442 sponsum
433 3406 441 3423 .
453 3358 598 3442 quianos
613 3357 652 3422 de
667 3356 781 3423 clerico
796 3357 854 3421 illo
869 3363 1014 3440 apostata
1029 3352 1281 3439 quiascenderat
1291 3351 1326 3417 in
1337 3372 1471 3439 regnum

265 3456 407 3521 similem
437 3454 540 3521 cmn¹⁰
568 3455 760 3540 deputantes
783 3456 918 3519 Juliauo
940 3452 1145 3538 pambateu.
1160 3450 1472 3519 anathematizantes

265 3556 424 3619 obicimus
440 3554 578 3619 salutem
593 3554 707 3617 animae
721 3554 792 3635 ejus
810 3558 1036 3637 procurantem
1057 3550 1142 3613 Nam
1165 3550 1192 3612 si
1214 3548 1321 3613 adhuc
1341 3548 1378 3611 in
1398 3548 1472 3633 ipsa

264 3655 451 3736 persisteret
466 3652 502 3715 in
517 3652 629 3736 iniqua
650 3651 797 3715 actione.
814 3650 908 3715 nobis
931 3648 1076 3713 celeriter
1098 3646 1267 3711 enuntiare
1288 3642 1470 3713 st-udetess.

266 3762 305 3818 ut
319 3776 379 3819 nos
394 3753 606 3838 apostolicum
621 3752 901 3818 communitorium
916 3749 1005 3813 omni
1018 3746 1242 3833 generalitati.
1262 3752 1331 3809 tam
1352 3745 1472 3830 princi·

267 3854 364 3936 pibus
386 3903 394 3918 .
416 3871 581 3935 quamque
610 3859 724 3915 cuncto
752 3850 873 3935 populo
903 3848 1016 3911 insule
1046 3844 1246 3930 Brpttanniae
1271 3845 1473 3912 morantibus

267 3950 478 4015 adhommtes
492 3948 677 4014 mittimus¹⁸
690 3999 699 4014 .
714 3956 752 4013 ut-
766 3968 841 4013 eum
862 3967 882 4011 a
904 3943 1099 4030 nequissimo
1121 3941 1281 4027 erpellere
1302 3962 1402 4028 regno
1415 3992 1424 4009 .
1438 3949 1475 4010 et

317 4183 327 4215 ¹
344 4184 397 4246 Epo
408 4183 551 4247 originally,
563 4182 626 4231 with
637 4183 697 4247 long
708 4194 734 4242 r.
743 4182 843 4231 altered
854 4182 889 4246 by
906 4180 1028 4242 redueiug
1047 4178 1093 4227 the
1111 4176 1190 4226 letter
1207 4181 1236 4225 to
1253 4176 1282 4236 i;
1297 4175 1417 4240 episcopi,
1437 4175 1473 4229 Η.

268 4260 279 4291 ¹
295 4261 346 4320 Ad,
359 4258 394 4309 Η.
493 4258 505 4291 ⁸
520 4262 595 4323 Aug,
608 4257 643 4309 Η.
746 4260 758 4289 ¹
774 4260 928 4309 canonicam
940 4257 1069 4305 licentiam
1080 4253 1222 4317 originally,
1234 4252 1284 4301 but
1294 4251 1340 4301 the
1349 4268 1375 4301 ιι
1384 4252 1476 4305 Μ

268 4342 336 4390 irem
347 4340 409 4389 esdr
422 4341 501 4402 word,
512 4339 547 4390 Α.
644 4339 656 4371 ⁸
672 4340 780 4399 Habere,
791 4340 879 4389 erased
890 4339 958 4396 bere,
971 4324 1019 4385 Α.ἱ
1102 4332 1114 4364 ⁸
1130 4340 1206 4394 ·tum,
1217 4332 1314 4381 altered
1324 4336 1354 4381 to
1363 4338 1427 4397 tue,
1436 4332 1474 4387 Α.

270 4422 281 4454 ²
296 4421 420 4482 Pallintis,
433 4418 469 4470 Η.
599 4417 611 4451 ⁸
626 4420 669 4482 Et,
681 4418 716 4469 Η.
847 4418 859 4451 ⁹
874 4419 955 4475 sicut,
970 4414 1005 4465 Η.
1135 4411 1156 4445 ²⁰
1171 4413 1217 4473 Eo,
1227 4411 1325 4461 altered
1335 4416 1365 4461 to
1375 4421 1417 4475 cu,
1427 4413 1476 4475 kg

267 4500 352 4563 mum,
365 4499 399 4550 Η.
500 4499 520 4532 ²¹
537 4500 652 4561 Parate,
662 4499 724 4548 with
736 4499 873 4562 prmbntu,
886 4498 912 4546 in
923 4513 937 4545 a
948 4497 1014 4545 later
1024 4494 1093 4544 haud
1102 4509 1164 4543 orer
1173 4492 1233 4555 line,
1244 4490 1278 4543 Α.
1379 4490 1402 4525 ¹¹
1415 4494 1477 4545 Stu-

268 4580 376 4639 demini,
387 4582 488 4632 altered
499 4588 528 4630 to
538 4580 650 4643 studete,
661 4579 695 4629 Α.
794 4576 815 4609 ¹³
831 4579 973 4638 Mittamun,
985 4572 1020 4625 Η.
