3816 5258
343 286 517 375 ωας]
710 234 1198 383 memormmcman
1491 288 1556 357 841

347 528 1168 623 tetjemnttylsmqsspoteretottmounoy
1186 536 1401 621 218th
1418 538 1489 603 aad
1506 538 1559 607 Sl.

479 635 576 712 Paul,
598 636 793 710 Winclteotcr.
804 638 844 719 os
859 636 941 699 lond
953 643 989 699 at
1008 635 1192 711 AEmltm,
1204 655 1244 698 or
1262 635 1374 713 Alton,
1385 656 1428 701 ω.
1444 636 1559 701 Rana

482 734 559 796 lete
572 734 709 815 Aequat,
723 734 792 797 aad
806 734 885 797 26&
900 732 1259 809 Denticulum-35
1280 732 1361 797 wille
1381 732 1561 819 “lenpaut

481 833 560 897 leaeo
573 836 613 917 os
628 836 678 897 tlte
691 836 772 898 lond
785 836 825 917 by
839 835 957 919 Biewp
969 834 1115 917 Stiqard,
1127 850 1195 899 u).
1211 834 1443 901 1047x1052.

398 962 464 1029 Dis
485 966 515 1030 is
540 966 721 1051 Apeltnnes
742 966 822 1031 land
842 967 903 1031 boo
922 987 943 1051 J
964 970 1042 1053 para
1059 947 1079 1030 ,⁵
1091 978 1139 1029 xv
1159 1014 1168 1031 .
1190 966 1270 1031 hide
1292 966 1501 1053 aputnln[n]g
1521 970 1562 1059 po

237 1122 241 1129 .
352 1062 502 1145 Egbyrht
516 1063 627 1147 eining
637 1064 784 1147 gesealde
799 1065 870 1129 into
883 1063 1008 1127 Ealdan
1021 1072 1177 1147 mynmne
1187 1084 1230 1127 on
1243 1064 1438 1149 Pinoeastrte
1447 1066 1499 1129 ior
1507 1064 1563 1129 hia

353 1160 449 1244 sapim
464 1160 677 1242 alysednesse
693 1162 794 1226 Godze
808 1171 843 1225 to
857 1161 964 1243 luite]
979 1172 1015 1226 to
1024 1162 1138 1247 paldre
1150 1211 1159 1227 .
1169 1160 1253 1245 Jlris
1264 1162 1399 1247 eadigam
1408 1162 1563 1247 apaetoloe

354 1268 475 1321 sancte
490 1259 620 1340 Petne]
636 1268 748 1325 sancte
763 1259 873 1324 Paulae
886 1280 928 1324 on
943 1280 999 1325 ene
1010 1261 1117 1342 pnite.
1605 1264 1610 1271 '

400 1356 441 1435 ‘1⁴
465 1355 594 1419 Veteris
608 1376 647 1420 ne
660 1358 738 1421 noui
753 1358 940 1422 testamenti
961 1357 1078 1441 pendit
1097 1357 1274 1423 anaoritns
1294 1358 1406 1442 .qnod
1426 1356 1564 1443 provida
1692 1348 1695 1353 ’

356 1452 525 1517 solvatoris
540 1461 574 1517 et
587 1452 711 1517 donnini
726 1456 829 1519 nostri
843 1456 866 1519 J
867 1455 948 1519 hesu
962 1455 1084 1520 Christi
1097 1455 1296 1540 dispensatio
1309 1476 1421 1521 omnes
1435 1462 1565 1521 saneto·

357 1570 432 1613 suos
450 1551 609 1615 advitam
632 1562 787 1617 internam
808 1554 1041 1638 praeordinatos
1061 1562 1140 1619 ante
1160 1554 1277 1618 mundi
1298 1553 1564 1619 eonstitntionern
1660 1604 1664 1609 .

357 1646 478 1731 elegit.
492 1669 533 1712 ex
547 1649 666 1732 quibus
680 1650 857 1715 universali
879 1650 1030 1717 {ecelesiae
1048 1673 1149 1737 qnam
1170 1651 1327 1736 sanguine
1347 1670 1407 1716 sno
1427 1650 1566 1717 redemit

358 1748 423 1812 dno
436 1749 610 1815 luminaria
624 1754 801 1836 praeposnit
821 1755 953 1819 beatum
974 1753 1127 1819 tidelioet
1147 1753 1365 1838 apostolorum
1383 1753 1566 1838 prinoipem

358 1846 494 1911 Petrum
510 1898 517 1912 .
533 1856 567 1913 ot
581 1851 801 1933 coapostolum
821 1853 892 1934 ejus
906 1851 1046 1917 Pnnlnm
1061 1901 1071 1917 .
1085 1853 1205 1936 quibus
1226 1850 1407 1935 spetialiter
1426 1851 1463 1915 in
1483 1848 1567 1915 ooelo

359 1952 393 2008 et
407 1945 442 2008 in
458 1954 544 2011 terra
555 1947 677 2031 ligandi
692 1949 903 2034 solvendique
910 1958 1105 2033 potestatem
1114 1951 1291 2015 onnoossit.
1302 1948 1461 2015 ntfideles
1469 1968 1567 2033 quot·

360 2064 423 2127 qne
439 2066 496 2127 pro
512 2045 668 2109 bonorum
684 2068 818 2131 opernm
840 2049 965 2113 meritis
979 2050 1013 2113 in
1027 2058 1150 2115 aeterna
1163 2046 1372 2113 tabernacula
1385 2048 1568 2132 recipiant.
1661 2096 1665 2103 -

359 2142 507 2207 infideles
522 2153 632 2208 nutem
646 2154 680 2208 et
694 2148 842 2211 veritatis
863 2147 1062 2211 adversarios
1082 2148 1126 2212 ab
1146 2148 1293 2231 ingressu
1315 2146 1407 2231 regni
1427 2144 1593 2211 eoelestia.

361 2244 430 2307 solo
444 2266 589 2311 sermone
603 2248 787 2331 repellant.
1471 2310 1475 2315 .

406 2342 610 2425 Quapropter
623 2367 681 2429 ego
693 2348 911 2411 Eocneaorus
926 2399 933 2412 .
947 2347 1047 2431 regali
1061 2348 1167 2411 fretus
1181 2346 1340 2431 dignitate
1354 2346 1451 2430 enpio
1464 2343 1572 2411 tidelia

361 2439 448 2502 inter
463 2441 573 2505 fideles
591 2444 731 2507 inveniri
746 2454 799 2509 ‚et
814 2445 958 2508 fidelium
973 2444 1134 2528 partioeps
1148 2444 1184 2507 in
1195 2464 1294 2527 regno
1304 2442 1457 2507 ooelomm
1467 2442 1571 2507 tantia
1613 2520 1616 2525 ¹

363 2538 518 2618 apostolis
533 2540 810 2606 intercedentibus
831 2544 914 2607 effici
935 2542 1143 2606 desiderans·
1166 2541 1391 2625 omnipotenti
1413 2540 1572 2625 Deoper-

362 2636 537 2716 petualiter
551 2640 690 2702 concedo
700 2641 864 2723 quandam
876 2642 1054 2723 portionem
1064 2640 1201 2704 deterre
1215 2660 1313 2723 quem
1325 2638 1573 2723 pnedeoeanom

363 2734 427 2796 mei
437 2744 536 2817 atquo
545 2738 718 2821 propinqui
726 2739 798 2820 jure
808 2739 1000 2802 hereditario
1008 2738 1107 2802 miehi
1116 2737 1343 2820 possidendam
1355 2736 1574 2820 reliquerunt.

365 2831 489 2896 scilicet
504 2836 688 2917 quindecim
712 2838 914 2900 monentium
937 2836 970 2900 in
992 2835 1064 2901 loco
1077 2836 1137 2919 qni
1158 2835 1254 2899 solito
1267 2836 1310 2899 ab
1323 2834 1439 2899 ineolis
1453 2830 1576 2919 AEpm

365 2946 454 2993 TUNE
469 2933 673 3014 appellatur.
690 2936 733 2998 Et
748 2936 833 2998 hanc
847 2935 1027 3016 portionem
1040 2934 1161 3017 largior
1174 2933 1216 2997 nd
1232 2940 1326 2997 retus
1343 2930 1575 2997 monasterinm

366 3028 455 3092 etad
470 3030 647 3095 aecclesiam
663 3032 837 3096 eorundem
854 3034 1021 3095 beatorum
1035 3030 1255 3114 apostolorum
1271 3030 1360 3095 Petri
1373 3038 1408 3095 et
1421 3028 1517 3094 Pauli
1536 3029 1576 3093 in

366 3127 550 3191 ll'rxroxra
572 3131 705 3195 civitate
728 3182 735 3195 .
758 3131 799 3194 nd
822 3152 918 3193 usum
940 3130 1072 3193 familiae
1093 3150 1169 3212 qnae
1191 3150 1249 3213 pro
1270 3128 1375 3193 tocius
1396 3126 1577 3195 chuenrat

365 3226 477 3307 populi
494 3228 597 3291 salute
610 3229 739 3292 Christo
754 3230 836 3292 inibi
847 3229 963 3291 devota
978 3226 1143 3292 deseret.
1179 3227 1275 3290 Hane
1289 3226 1410 3311 qnippe
1423 3224 1577 3289 tellurem

365 3322 572 3387 fidelissimus
587 3328 718 3408 quidam
735 3328 960 3409 prefectorum
983 3344 1128 3387 meorum
1138 3323 1295 3387 voeabulo
1319 3324 1578 3387 Buuuoaaanun

366 3420 444 3482 olim
456 3442 508 3486 rne
519 3424 658 3487 donante
671 3425 814 3507 possedit
824 3474 831 3486 .
842 3424 899 3487 sed
909 3424 963 3486 ille
974 3422 1179 3505 postmodnm
1189 3422 1259 3486 sine
1267 3420 1379 3485 liberis
1388 3420 1578 3487 defunctae.

368 3520 504 3583 eandem
525 3530 642 3585 terram
666 3525 736 3586 sine
758 3523 953 3586 hereditaria
982 3521 1144 3585 sententio
1165 3520 1295 3583 nemine
1317 3520 1379 3583 sibi
1401 3518 1578 3603 superstite

369 3618 529 3682 existente
545 3620 739 3703 dereliquit.
760 3623 872 3704 sicque
886 3620 984 3683 tellus
1003 3619 1075 3701 ipsa
1093 3638 1169 3681 curn
1191 3617 1342 3681 omnibus
1364 3615 1485 3679 finibus
1504 3614 1579 3699 ejua

370 3717 564 3797 optimatum
591 3739 735 3781 meorum
759 3720 886 3782 decreto
909 3715 1115 3799 adjudieente
1137 3764 1145 3778 .
1172 3714 1272 3779 michi
1293 3713 1352 3796 qui
1372 3712 1458 3777 enm¹
1479 3720 1579 3779 tntu

368 3815 497 3894 possedi
518 3816 669 3877 restituta
693 3826 764 3879 est.
810 3817 878 3899 Ego
901 3823 1010 3878 autem
1032 3812 1142 3877 lemni
1159 3810 1270 3876 oculos
1292 3832 1381 3876 meon
1402 3819 1438 3875 et
1459 3828 1580 3875 manua

372 3933 461 3977 mens
476 3916 517 3977 ad
533 3917 639 3979 Deum
655 3917 818 3981 excelsum
834 3925 1008 3981 creatorem
1022 3934 1061 3977 ae
1074 3910 1315 3997 possessionem¹
1328 3910 1402 3977 ooeli
1415 3920 1451 3977 et
1464 3920 1579 3977 tem.

369 4018 403 4073 et
427 4034 549 4076 memor
568 4014 797 4078 beneficiorum
819 4036 892 4098 qnze
912 4013 1011 4077 michi
1028 4011 1119 4093 larga
1138 4031 1240 4073 manu
1258 4010 1403 4075 conferre
1426 4007 1582 4093 diguam·

371 4119 421 4171 est
436 4160 443 4172 .
459 4112 594 4176 eandem
611 4122 728 4177 terram
746 4136 803 4197 pro
818 4115 888 4194 ejus
903 4134 1009 4176 amore
1024 4118 1059 4174 et
1073 4132 1131 4193 pro
1146 4130 1224 4172 mee
1239 4110 1354 4172 animae
1368 4108 1582 4189 omniumque

373 4229 592 4274 successorum
609 4233 751 4275 nieorum
769 4222 888 4275 {eterna
903 4210 1122 4292 redemptione
1139 4256 1147 4271 .
1166 4206 1312 4291 predicto
1332 4204 1434 4269 veteri
1451 4223 1582 4269 monu-

373 4308 455 4371 terio
475 4310 548 4391 jure
566 4320 721 4395 perpetuo
743 4307 982 4396 possidendam³
999 4306 1142 4371 concessi
1157 4355 1165 4371 .
1211 4304 1307 4369 Hono
1325 4322 1455 4389 quoqne
1472 4320 1583 4367 mem

419 4459 599 4524 ¹Enm,with
611 4480 627 4511 n
639 4463 794 4527 expaueted
805 4456 1079 4519 mdaomlinelss
1250 4450 1584 4513 'emnem-tet·

370 4546 526 4607 expuam,
538 4546 590 4595 aad
600 4562 616 4594 r·
625 4546 746 4606 outline,
757 4544 812 4593 lis.
915 4538 927 4572 ⁸
943 4540 1026 4601 dan,
1036 4536 1102 4587 utet
1112 4553 1131 4586 n
1140 4534 1295 4601 upnamd,
1306 4534 1358 4585 aad
1366 4549 1385 4583 ι
1394 4532 1516 4597 avelina,
1524 4531 1584 4585 ΙΙ.
