3816 5258
128 376 190 425 an
207 356 296 441 824]
344 371 498 422 σωκ»
519 370 562 421 ro
583 371 650 421 aaa
671 371 797 421 rmmr
819 372 861 423 as
882 372 1107 428 emmaum.
1257 336 1324 431 tat
1431 396 1436 405 -

131 528 385 611 cumjacentibns
399 577 408 593 .
422 527 458 592 in
472 527 596 591 oriente
610 534 695 592 tana
708 527 791 611 regis
805 548 877 612 qnae
890 529 1031 613 pertinet
1043 530 1086 595 ad
1098 530 1257 617 mange
1267 581 1276 596 .
1286 532 1323 599 in
1427 560 1431 567 ·

132 626 284 692 meridiae
300 626 496 710 Osbcrhting
509 624 587 689 lond
601 675 609 690 .
625 626 744 689 iterum
757 626 794 690 in
812 626 953 691 meridie
971 636 1005 693 et
1018 629 1053 692 in
1066 628 1230 693 occidente
1243 635 1329 697 terre
1351 644 1360 659 ’
1376 680 1380 687 .

133 746 206 810 qnae
219 725 360 808 pertinet
375 723 416 786 ad
432 723 635 806 Unigincgga
649 723 746 786 ham.
762 723 797 787 in
816 723 966 807 aquilone
980 745 1056 790 vero
1075 724 1275 793 Seeldesford
1293 734 1328 793 et

133 822 305 887 dimidium
326 821 426 885 rituli
448 821 599 904 paludis,
619 820 683 884 Seu
698 821 795 885 etiam
816 842 891 886 curn
912 822 970 886 illa
990 824 1210 889 munuficentia
1229 824 1329 909 hujtra,
1350 876 1354 881 .

134 930 238 985 terrae
253 920 467 1002 omnibusque
481 918 576 982 bonis
591 939 672 1001 quas
690 918 755 982 illis
771 919 899 983 fecerim
915 970 923 984 .
938 926 1108 1004 postquam
1122 930 1231 987 nostra
1244 942 1330 988 eom·

135 1018 244 1083 munis
253 1017 455 1100 congregatio
464 1036 521 1099 per
529 1016 592 1079 Dei
603 1017 739 1100 gantiam
750 1016 834 1080 iacta
845 1025 896 1081 est
905 1017 946 1081 ad
955 1018 1052 1081 istam
1062 1038 1164 1083 meam
1176 1018 1331 1085 familiam

136 1118 286 1200 flagitabo
300 1128 339 1179 ut
353 1136 405 1179 ine
421 1135 494 1178 curn
510 1114 631 1178 <tinnis
646 1115 906 1199 spiritalibusque
920 1115 1013 1181 bonis
1027 1138 1150 1200 semper
1160 1138 1333 1184 memorare

137 1215 316 1281 concedant
330 1265 339 1289 ,
353 1213 528 1296 Talemque
543 1212 739 1295 adjutorium
755 1234 812 1296 pro
826 1213 987 1297 refrigerio
1001 1215 1107 1279 anime
1117 1235 1206 1280 meae
1220 1216 1256 1279 in
1268 1214 1334 1282 ele·

139 1313 281 1396 nrosynis
307 1311 537 1393 salmodiisqne
566 1330 603 1373 ac
633 1309 846 1375 celebratione
870 1312 1039 1375 missenum
1062 1312 1182 1375 iaciant
1206 1312 1332 1395 qualem

138 1411 205 1475 illis
220 1409 349 1473 videtur
363 1408 450 1493 quod
465 1406 615 1491 perficere
635 1408 759 1491 possint
774 1459 782 1484 ,
797 1430 897 1492 acque
917 1408 1103 1473 condicione
1124 1409 1333 1493 interposita.

139 1510 223 1572 lianc
237 1506 434 1591 praedictam
450 1505 591 1589 agellum
605 1504 729 1569 donabo
744 1556 751 1570 .
767 1516 805 1571 nt
826 1508 933 1572 omnia
956 1514 1064 1572 nostra
1076 1516 1148 1571 acta
1162 1516 1196 1573 et
1208 1506 1296 1573 dicta
1314 1526 1336 1571 a

141 1606 234 1671 nobis
255 1614 332 1669 ante
354 1604 502 1669 condicta
525 1605 617 1667 firma
638 1606 861 1689 inmutataque
883 1606 1111 1691 perpetualiter
1130 1614 1282 1669 maneant
1301 1611 1336 1670 et

141 1725 268 1788 semper
291 1702 333 1767 ad
362 1703 496 1766 meliora
525 1702 614 1785 quod
642 1704 683 1767 ad
712 1704 833 1767 bonum
861 1704 1044 1769 condictum
1073 1704 1243 1769 habuimus
1266 1702 1337 1769 Deo

142 1801 320 1867 auxiliante
335 1801 559 1883 unusquisque
573 1821 742 1883 augescere
757 1801 954 1878 contendat,

186 1900 325 1982 Insuper
338 1897 438 1962 etiam
454 1897 544 1960 illam
560 1908 678 1961 terram
700 1899 785 1983 quod
808 1899 978 1982 Cynelrard
1000 1898 1152 1964 diaconus
1172 1898 1287 1963 babuit
1304 1904 1340 1963 et

143 1997 200 2061 ille
223 1997 304 2059 milri
329 1995 464 2059 donavit
487 2045 494 2058 .
521 1995 648 2078 sitique
676 1996 711 2058 in
740 1998 901 2079 propriam
930 1996 1140 2061 hereditatem
1168 2014 1188 2059 a
1211 1995 1339 2077 regibus

144 2093 325 2177 Ecgbcrhto
341 2102 374 2157 et
397 2092 594 2156 Aeaeluulso
612 2093 729 2157 donata
749 2095 872 2158 lauerat.
889 2095 948 2157 lroc
963 2103 1183 2166 est‚.1„u›·„w.
1198 2100 1340 2175 &mum

144 2213 219 2257 cum
241 2190 353 2255 libello
375 2190 520 2272 ejusdem
542 2190 638 2273 agelli
659 2242 665 2255 .
688 2192 749 2256 ista
771 2192 924 2274 praedicta
946 2192 1068 2257 familia
1089 2193 1124 2255 in
1145 2190 1342 2255 Domvernia

145 2298 219 2375 post
234 2290 302 2353 dies
317 2309 406 2351 meos
421 2308 479 2369 pro
495 2299 677 2353 nostrorum
699 2290 864 2353 amborum
882 2290 1061 2354 animarum
1076 2288 1180 2353 salute
1194 2288 1320 2353 donabo
1333 2336 1343 2365 ,

146 2389 270 2470 hacque
281 2386 468 2450 condicione
483 2392 520 2448 ut
535 2407 662 2470 semper
676 2408 807 2471 vespere
821 2388 1043 2469 matutiuaque
1058 2394 1200 2469 tempore
1210 2382 1342 2469 quando

147 2487 261 2548 iratres
280 2484 321 2546 ad
343 2483 512 2547 ecclesiam
530 2482 617 2548 b'eati
643 2486 731 2549 Petri
754 2485 889 2569 apostoli
911 2486 954 2549 ad
975 2491 1160 2549 consuetam
1181 2482 1343 2547 canticum
1452 2548 1455 2553 .

148 2582 378 2665 ingrediuntur
389 2601 447 2664 pro
462 2582 696 2665 supplicatione
716 2584 830 2646 anirum
852 2583 941 2647 illius
963 2582 1045 2646 illud
1066 2582 1261 2646 dominicum
1274 2601 1344 2646 ora·

149 2679 269 2742 tionem
295 2686 390 2762 poter
420 2687 523 2741 noster
545 2679 718 2744 decantent
743 2731 751 2756 ,
775 2682 838 2745 Seu
864 2682 962 2746 etiam
988 2679 1082 2743 illum
1105 2688 1227 2744 curtem
1248 2698 1345 2763 quem

149 2776 265 2839 Dorida
280 2776 457 2839 monachus
473 2776 507 2839 in
523 2779 715 2841 monasterio
734 2777 849 2841 lralmit
868 2787 900 2842 et
916 2778 978 2842 sisi
993 2779 1027 2841 in
1043 2778 1203 2861 propriam
1222 2796 1345 2860 posses·

150 2880 274 2938 sionem
289 2874 457 2957 optinebat
473 2884 545 2956 post
567 2875 788 2958 migrationem
809 2877 939 2960 spiritus
954 2876 1018 2940 mei
1031 2896 1070 2939 ae
1083 2875 1189 2939 seculo
1202 2894 1261 2959 pm
1275 2894 1346 2939 nos·

151 2979 274 3035 trorum
292 2972 474 3035 animarum
492 2973 597 3037 salute
615 2973 676 3036 lroc
698 2986 747 3038 est
768 2975 831 3038 mei
856 2973 1038 3057 Cynehardi
1059 2983 1093 3037 et
1114 2972 1251 3036 Doddan
1269 2972 1346 3037 huic

152 3070 264 3133 eadem
289 3070 432 3133 familiae
461 3069 504 3133 ad
529 3072 695 3154 proprium
725 3093 819 3136 nsum
849 3072 1024 3136 liberaliter
1052 3070 1248 3153 feliciterque
1275 3088 1347 3153 per·

154 3167 325 3231 fruendum
341 3168 480 3232 concedo
492 3218 499 3231 .
511 3169 552 3231 ad
567 3190 769 3253 quacumque
785 3170 925 3233 utilitate
940 3170 969 3234 ei
985 3168 1140 3252 placuerit
1154 3165 1205 3231 vel
1221 3184 1347 3231 necem
1437 3176 1446 3187 '

155 3266 253 3330 fricuit
268 3287 326 3330 sua
342 3267 470 3349 propria
492 3267 576 3329 bona
599 3268 688 3331 intus
707 3268 841 3331 condere
857 3267 1007 3331 valeant.
1024 3265 1074 3330 vel
1088 3264 1129 3328 ad
1144 3264 1347 3329 relectionem

155 3364 298 3428 cicorum
321 3364 452 3447 quando
477 3364 574 3427 alicui
598 3366 800 3448 oportunitas
826 3365 878 3428 vel
904 3364 1073 3427 necessitas
1096 3361 1249 3445 temporis
1273 3381 1348 3426 oon·

156 3463 286 3547 tigerit.
311 3464 375 3527 Seu
398 3464 495 3525 etiam
519 3463 648 3545 quando
670 3463 837 3546 presbyter
850 3474 907 3525 aut
928 3462 1078 3523 diaconus
1100 3457 1239 3521 familiae
1259 3458 1349 3522 illim

156 3562 311 3645 corpor-mi
326 3562 515 3623 infirmitate
529 3570 681 3641 gnaratns
697 3562 794 3625 suerit
808 3581 945 3645 congruo
960 3559 1076 3621 bonore
1090 3558 1135 3619 ibi
1151 3556 1348 3639 requiescere

156 3661 257 3742 possit
272 3709 280 3722 .
295 3681 354 3743 pro
373 3658 521 3743 hancque
537 3659 653 3724 donate
675 3660 897 3723 commoditate
917 3658 1013 3739 hujus
1031 3654 1116 3719 villae
1134 3655 1228 3717 istam
1243 3672 1348 3717 meam

158 3756 306 3820 devotam
333 3757 491 3820 familiam
515 3758 659 3840 rogabo.
682 3757 767 3841 qnod
793 3756 901 3820 fideles
927 3759 1177 3819 remuneratores
1199 3750 1349 3815 intereos

159 3873 308 3936 acresque
323 3856 502 3917 animarum
526 3862 707 3919 uostmrum
729 3856 814 3938 apud
829 3853 1078 3936 omnipotentem
1093 3851 1199 3913 Deum
1212 3848 1349 3913 existere

160 3952 341 4015 concedatis
356 4002 363 4015 .
379 3951 441 4015 hoc
461 3952 630 4037 ipsumque
650 3955 785 4037 posteris
807 3953 920 4017 restris
940 3951 1105 4013 observare
1122 3945 1351 4031 perpetualiter

161 4048 358 4130 praecipite.
1194 4074 1201 4087 =

293 4159 333 4237 ›1‹
358 4158 425 4240 Ego
441 4158 580 4221 Uulirod
594 4160 697 4241 gnatia
712 4158 774 4222 Dei
789 4156 1041 4239 archiepiscopus
1056 4200 1066 4217 .

294 4259 334 4336 ᾧ
358 4256 425 4339 Ego
442 4256 593 4321 Cioluotlr
608 4258 717 4320 diviua
731 4256 833 4339 gratia
847 4249 1129 4335 archicpiscoput¹.

211 4413 220 4445 ¹
237 4413 292 4463 'l'hc
302 4414 363 4462 (late
373 4415 401 4462 ol
412 4414 559 4463 Cwlnotlr's
570 4416 742 4464 constantien
758 4432 785 4461 aa
797 4413 954 4475 Archbishop
965 4412 992 4459 oi
1008 4409 1165 4471 cantaturo
1176 4408 1200 4457 ia
1215 4408 1278 4457 2⁴th
1288 4409 1354 4474 Aug.

163 4507 217 4545 an.
234 4496 290 4544 833.
325 4496 352 4543 lt
363 4496 384 4543 is
396 4496 505 4544 ditlicnlt
518 4502 665 4545 wataount
676 4498 715 4545 ior
727 4496 772 4544 the
782 4508 934 4558 appearance
951 4492 979 4540 oi
997 4491 1037 4541 hi·
1055 4505 1127 4539 name
1139 4488 1165 4538 iu
1183 4487 1229 4537 tte
1245 4488 1354 4553 emtor,

164 4578 185 4627 it
203 4578 248 4625 the
264 4578 390 4626 endomsl
402 4579 462 4627 dato
474 4579 494 4627 is
506 4585 611 4640 correct,
622 4581 670 4628 but
681 4578 712 4641 cs.
724 4579 769 4628 the
780 4578 909 4626 nitnmes
920 4574 983 4624 with
997 4572 1069 4623 tlroee
1084 4571 1112 4621 oi
1130 4573 1262 4636 Augu-ao
1274 4582 1303 4633 u.
1314 4572 1356 4635 u,

165 4670 217 4708 an.
228 4660 287 4710 8³5.
