3816 5258
248 320 314 426 ao.
330 360 419 445 tra]
653 377 868 428 rucuarsuor
889 378 1055 429 nnuman
1387 362 1456 429 468

250 553 314 596 non
329 532 440 597 liceret
454 532 635 618 llcgberhto
649 556 743 619 aomos
756 534 952 601 hereditario
962 535 1039 619 jure
1056 534 1216 601 seribere.
1252 530 1317 599 Sed
1330 540 1408 619 poet
1419 554 1461 600 ει

251 629 363 701 lentae
377 634 548 697 memoriae
563 634 769 698 Aebelheard
790 634 1053 720 archiepiscopus
1072 654 1093 697 a
1112 652 1188 716 rege
1202 631 1277 697 oua
1289 631 1462 716 adquirere

251 730 377 794 studuit
397 730 487 795 illam
506 738 624 796 terram
647 753 722 797 curn
744 733 872 816 integra
893 733 1046 797 libertate
1067 731 1109 797 ad
1123 730 1246 797 ebrini
1267 728 1461 797 ecclesiam.

253 826 316 891 Sed
340 847 360 910 J
382 828 452 912 ipse
474 830 680 894 Aetelheard
701 830 966 914 archiepiscopus
984 839 1097 895 noster
1118 828 1216 914 paulo
1235 834 1313 893 ante
1332 828 1461 894 obitum

252 947 347 990 suum
369 948 443 991 curn
464 928 685 1010 persuassione
707 929 884 992 amicorum
907 927 1063 993 iratribus
1087 927 1207 992 nostris
1228 926 1321 991 illum
1341 934 1463 993 unam

252 1044 327 1087 cunr
355 1024 414 1087 illa
439 1023 589 1089 libertate
627 1045 647 1108 ]
677 1026 806 1090 eunctis
834 1025 931 1089 rebus
959 1026 1024 1089 rite
1053 1024 1095 1089 ad
1123 1045 1196 1089 carn
1222 1024 1463 1109 pertinentibus

253 1122 420 1186 restituere
441 1122 650 1187 demandavit
670 1171 679 1186 .
701 1122 805 1186 atilli
821 1132 914 1187 terrae
932 1123 1092 1187 fructibus
1109 1122 1327 1207 utilitatisque
1346 1122 1463 1189 narbas

254 1220 368 1284 inatres
397 1240 455 1303 pro
485 1220 682 1285 redemtione
711 1222 831 1286 aniane
860 1220 951 1285 illius
980 1228 1145 1305 perpetua
1166 1220 1342 1286 secundum
1365 1240 1462 1285 suurn
1537 1284 1541 1291 .

255 1323 407 1405 placitum
423 1330 551 1387 tantum
567 1323 601 1386 in
617 1323 749 1388 domino
763 1325 973 1388 fruerentur.

159 1501 162 1507 ¹
299 1421 511 1498 Quamobrem
542 1422 656 1487 iratres
691 1443 730 1487 ac
766 1422 891 1486 seruilia
927 1428 1039 1485 nostra
1074 1420 1132 1485 illa
1168 1426 1323 1505 quattuor
1355 1426 1465 1486 aratra

255 1518 356 1602 ipsius
381 1525 475 1583 terrae
493 1528 536 1582 ut
561 1519 694 1583 Buman
721 1520 858 1604 proprie
878 1518 1012 1583 illorum
1035 1518 1120 1602 juris
1143 1518 1357 1583 hereditatem
1380 1518 1465 1583 mssri
1570 1580 1574 1587 .

255 1618 290 1681 in
316 1617 371 1699 jus
401 1618 538 1700 proprior
566 1637 605 1681 ae
634 1627 799 1702 perpetuae
828 1617 1021 1683 hereditatis
1057 1617 1227 1681 arbitrium
1259 1616 1466 1683 tradiderunt

256 1714 297 1779 ad
336 1715 611 1779 transmutationis
651 1716 912 1781 vicissitudinem
951 1716 1044 1780 illius
1084 1722 1177 1781 terne
1213 1716 1466 1799 on·1·'asterege

256 1834 353 1897 quam
368 1813 567 1896 prediximus
582 1863 592 1890 ,
606 1814 689 1877 mihi
708 1835 839 1900 quoque
854 1821 923 1878 tam
938 1814 1075 1879 liberam
1089 1834 1110 1897 3
1125 1834 1269 1879 securam
1283 1834 1343 1898 per
1354 1814 1466 1879 omnin

257 1911 437 1976 habendam
471 1911 705 1995 fruendumque
736 1918 902 1996 perpetuae
935 1930 956 1995 *J
986 1911 1029 1975 ad
1058 1910 1250 1977 trahendam
1286 1911 1466 1977 secundm

258 2029 347 2073 aucae
383 2007 560 2073 voluntatis
596 2008 755 2092 placitum
798 2010 1037 2093 arbitriumque
1079 2008 1115 2073 in
1151 2029 1268 2074 aevrrm
1306 2008 1469 2075 dederant

259 2128 278 2190 -ι
314 2107 589 2171 consentientibus
625 2108 744 2172 animis
781 2115 1039 2191 cunctorumque
1074 2108 1225 2172 manibus
1260 2107 1367 2173 crucis
1401 2107 1479 2193 sig<

260 2206 375 2269 noculo
403 2205 541 2269 libenter
560 2206 839 2270 subscribentibus
865 2212 965 2289 atque
986 2205 1049 2269 boc
1069 2204 1168 2269 etium
1197 2202 1419 2270 difiniri'mus
1446 2224 1468 2289 '1

260 2306 393 2368 firmiter
407 2303 650 2368 reconciliantes
672 2324 781 2367 coram
802 2303 928 2367 idoneis
947 2302 1087 2367 testibus
1108 2302 1329 2367 roboravimus
1342 2310 1383 2367 nt
1399 2310 1471 2369 tota
1497 2320 1506 2335 ·

260 2403 317 2466 illa
340 2410 425 2466 terra
450 2422 547 2485 quarn
572 2402 634 2485 ipsi
657 2390 863 2465 tradiderunt
888 2400 972 2464 milri
994 2408 1039 2465 aet
1064 2400 1198 2465 Burnan
1222 2406 1292 2464 tam
1313 2399 1472 2467 immunis

261 2503 381 2585 absque
411 2500 548 2582 alicujus
577 2499 844 2564 contradictionis
872 2499 1042 2563 obstacula
1072 2504 1235 2583 perpetuae
1263 2498 1335 2564 lieri
1362 2507 1474 2583 posset

261 2602 346 2665 sicut
371 2600 427 2663 illa
453 2606 539 2662 terra
564 2620 606 2661 on
633 2600 808 2681 Ecstorcge
833 2618 934 2682 quam
963 2596 1032 2662 illis
1057 2596 1207 2662 dederam
1232 2596 1281 2662 eis
1303 2605 1474 2683 perpetum

261 2697 481 2765 inviolabilem
496 2718 565 2761 csse
580 2696 740 2761 desiderio
755 2745 764 2760 .

305 2799 341 2864 Si
356 2804 464 2861 autom
479 2794 564 2878 quod
580 2794 665 2858 absit
680 2794 801 2877 aliquis
815 2793 971 2857 malivola
982 2793 1119 2858 audacia
1129 2791 1214 2857 hane
1223 2782 1367 2857 nostram
1377 2792 1476 2861 ricit-
1514 2796 1517 2801 ’

264 2895 439 2961 situdinera
468 2913 526 2975 per
561 2892 768 2974 tymnnidem
805 2890 961 2955 invadere
990 2890 1043 2955 rel
1078 2890 1253 2975 infringere
1289 2891 1477 2957 tentaverit

264 2993 391 3059 noverit
415 3012 450 3055 se
473 2998 550 3054 aute
575 2989 718 3053 trilurnul
742 2990 863 3053 summi
889 3008 909 3071 3
934 2988 1096 3054 tremendi
1117 2989 1238 3073 judicis
1261 2988 1386 3055 Christi
1405 3010 1477 3057 csse

263 3093 421 3156 rationem
436 3087 639 3151 redditurum
654 3137 662 3150 .
679 3088 743 3150 nisi
764 3086 848 3150 illud
868 3088 959 3169 prius
973 3087 1073 3170 digna
1093 3086 1312 3152 satisfactione
1325 3088 1478 3153 emenda·

265 3190 351 3253 verit
367 3235 375 3252 .
391 3186 467 3250 etsi
482 3184 628 3267 qualibet
645 3194 773 3248 nostrae
789 3186 892 3267 partis
911 3185 1060 3249 condicio
1079 3185 1267 3268 innocens]
1282 3186 1480 3251 incontami-

267 3299 343 3352 nata
358 3294 482 3371 reperta
497 3285 600 3370 ipsius
619 3286 667 3350 rei
691 3286 786 3350 luerit
809 3307 866 3350 scu
888 3286 972 3350 sorte
992 3291 1129 3370 utraque
1144 3306 1221 3351 suae
1234 3286 1383 3371 propriae
1392 3288 1480 3371 juria

267 3386 425 3468 possessio
440 3385 530 3447 salua
545 3403 564 3465 ]
581 3384 707 3466 integra
729 3384 856 3447 ratione
879 3382 921 3449 ad
942 3383 1089 3466 pristinae
1111 3382 1300 3447 hereditatis
1318 3384 1480 3468 gremium

267 3490 468 3547 revertetur.
484 3502 558 3563 pars
573 3488 684 3544 autern
707 3480 765 3542 illa
787 3502 861 3563 qun».
882 3500 939 3544 rea
953 3499 973 3562 ]
989 3480 1163 3562 depravata
1185 3480 1282 3544 fuerit
1303 3500 1383 3545 suae
1403 3500 1480 3565 pro·

268 3582 356 3665 priae
381 3580 481 3664 partis
507 3600 562 3643 rea
587 3578 735 3661 privetur
759 3585 791 3641 et
819 3578 947 3659 justum
973 3578 1168 3640 arbitrorum
1185 3576 1348 3659 judicium
1370 3576 1480 3645 subire

269 3687 398 3763 cogetur
427 3678 536 3761 ibique
563 3677 651 3759 juste
688 3674 910 3739 districtiones
946 3674 1086 3757 accipiat
1120 3674 1304 3759 sentiatque
1332 3674 1480 3742 catinae·
1607 3714 1614 3725 ·

268 3777 390 3843 tionem
407 3827 414 3843 .

401 3938 441 4016 ›1‹
465 3934 533 4017 Ego
549 3930 689 3995 Uulired
703 3931 808 4014 gnatia
824 3930 889 3993 Dei
908 3929 1168 4014 archiepiscopus
1182 3929 1281 4013 bajus
1294 3930 1481 3997 reconcilia·

529 4029 628 4093 tionis
658 4037 786 4091 nostrae
812 4026 1073 4091 ricissitudineru
1098 4026 1190 4111 signo
1218 4036 1349 4092 sanctae
1377 4028 1482 4095 crucis
1563 4068 1570 4077 ·

532 4125 663 4191 Christi·
671 4125 870 4189 confirmabo
885 4143 905 4206 ]
921 4124 1111 4187 subscribo.

402 4229 442 4306 ᾖ
465 4226 533 4308 Ego
549 4223 772 4287 Bcorumodus
787 4223 959 4305 episcopus
973 4224 1078 4285 escus'
1092 4240 1112 4303 'j
1128 4222 1214 4287 sub's
1229 4272 1237 4286 .

402 4326 442 4402 ᾧ
467 4324 535 4403 Ego
551 4321 680 4403 pernati
696 4320 891 4403 presbiter]
907 4320 1009 4382 aldus
1024 4319 1124 4382 osens'
1138 4337 1158 4400 J
1174 4318 1266 4383 sub’.

403 4423 442 4499 ᾧ
467 4421 535 4501 Ego
550 4420 729 4503 rtoompine
741 4418 899 4501 presbiter
913 4436 933 4499 ]
948 4416 1049 4479 abbas
1064 4416 1163 4479 osens’
1177 4435 1197 4498 ]
1212 4416 1305 4480 sub’·.

403 4519 443 4596 υἷε
468 4519 536 4598 Ego
552 4516 722 4599 Feologcld
738 4516 931 4599 presbiter]
947 4515 1049 4577 abbas
1063 4514 1163 4577 osens'
1177 4532 1197 4595 ]
1213 4514 1305 4576 sub’.

404 4616 444 4693 ἦ(
467 4614 643 4676 Annaliun
661 4615 821 4697 presbiter
835 4612 937 4675 esa-rrs'
951 4632 972 4691 Ἰ
987 4613 1058 4674 snb'
1074 4662 1081 4675 .
