3816 5258
249 438 317 490 nn.
333 422 424 509 779]
674 440 756 489 orsu
776 440 820 490 ao
840 441 1032 492 nonnosus
1390 428 1454 494 321

250 602 331 660 suut
359 597 468 661 omnis
491 598 565 680 jure
593 618 763 681 regnorum
785 599 908 682 absque
930 598 999 662 ulla
1024 598 1232 663 antecidento
1257 599 1373 663 merito
1398 620 1456 666 rex

252 694 579 771 Merciouum‚11oc
603 706 712 760 mente
735 697 942 781 pnecogitaus
967 697 1113 780 utiquam
1139 697 1224 761 ruris
1248 706 1373 781 partem
1400 718 1458 781 pro

251 813 360 857 amore
386 794 531 858 caelestis
556 794 737 878 patriae‘et
762 816 819 879 pro
847 796 989 859 remedio
1011 796 1130 860 anianae
1154 816 1245 860 urucae
1271 795 1360 858 fideli
1385 817 1458 861 meo

252 896 401 960 uniaristro
416 896 582 960 Dt'uooxo
598 948 606 971 ,
622 897 694 960 1100
706 894 775 961 ‘est'
790 907 929 980 quatuor
942 909 1084 962 eissitas
1101 898 1134 960 iu
1146 898 1202 980 jus
1222 896 1458 963 ecclesiasticae

250 992 457 1057 liberalitatis
472 995 505 1057 in
521 1003 711 1077 perpetuum
733 995 841 1077 pisid
854 1045 1025 1060 ........
1041 996 1257 1059 libentissime
1278 996 1458 1062 conlauderis

252 1091 380 1177 donabo
395 1143 403 1167 ‚
417 1093 569 1176 quatinus
584 1102 622 1154 ut
636 1113 670 1155 se
690 1093 818 1157 viveuto
837 1092 920 1157 luntre
934 1142 1130 1157 .........
1147 1093 1222 1157 dea
1239 1144 1247 1167 ‚
1263 1094 1305 1156 Et
1328 1104 1402 1177 post
1423 1116 1457 1159 se
1563 1174 1565 1179 Ι

252 1211 331 1254 suae
347 1190 595 1273 propinquitatis
609 1189 733 1252 iroruini
748 1191 798 1253 eui
820 1191 889 1273 ipse
903 1210 944 1252 ro
958 1239 1085 1255 ......
1101 1190 1333 1273 possidendum
1355 1191 1458 1256 libem

253 1300 350 1352 utens
373 1298 530 1371 potestate
550 1288 714 1371 relinquat
735 1339 743 1362 ‚
763 1288 807 1351 Et
828 1288 889 1352 boc
910 1289 1004 1353 decer
1018 1337 1152 1353 ......
1173 1309 1233 1352 sua
1255 1290 1457 1371 generationi

254 1386 315 1449 boc
330 1385 520 1449 ‹loraativum
535 1406 641 1450 meum
657 1406 716 1469 pro
731 1387 801 1450 Deo
819 1406 968 1450 concessa
982 1386 1030 1449 sal
1046 1435 1173 1450 ......
1188 1400 1377 1469 pcnnaucat
1392 1436 1400 1462 ‚
1415 1388 1459 1451 Et
1512 1404 1516 1410 ·

253 1484 374 1567 siquis
395 1506 434 1547 ex
457 1484 610 1549 heredum
632 1485 704 1566 ejus
725 1484 809 1568 qnod
831 1484 917 1548 absit
939 1484 1065 1547 maculo
1088 1485 1208 1565 majore
1231 1485 1355 1573 pascenti
1379 1485 1460 1549 forte

255 1581 432 1664 inplicatus
447 1582 541 1646 fuerit
556 1631 564 1657 ‚
579 1582 656 1665 dign
671 1630 794 1646 ......
810 1581 932 1646 seilicet
953 1581 1058 1664 pretio
1079 1602 1114 1645 se
1136 1581 1293 1645 emundet·
1306 1604 1326 1645 a
1340 1581 1460 1647 delicte

255 1679 632 1754 conmisso,tta1n·nte
657 1689 765 1742 tamen
787 1679 848 1743 hac
871 1679 1111 1743 munificentiae
1134 1701 1213 1743 mee
1236 1679 1321 1743 dono
1343 1679 1460 1743 nihilo·

256 1776 366 1839 minus
389 1777 422 1839 iu
445 1798 502 1841 sua
524 1777 701 1841 stabilitate
723 1777 855 1841 tinuiter
876 1777 997 1860 absque
1018 1776 1088 1840 ulla
1109 1778 1387 1853 commutatione,
1402 1778 1462 1842 Est

254 1884 365 1939 autem
382 1876 484 1957 portio
499 1876 628 1939 ruriculi
653 1875 741 1939 illius
755 1877 896 1940 attinens
918 1877 989 1939 urbi
1012 1876 1061 1938 illi
1084 1876 1141 1958 qui
1165 1876 1306 1938 nominat
1314 1877 1364 1938 ur¹
1380 1876 1461 1939 Sut-

258 1988 393 2036 atcxxss
409 1989 495 2037 nuuc
510 1994 548 2035 ex
565 1976 701 2056 utraque
717 1984 805 2056 parte
819 1974 970 2037 torrentis
983 1974 1042 2056 qui
1057 1982 1193 2035 secatur
1208 2023 1216 2046 ‚
1230 1973 1440 2056 Tbeodniugc
1455 2024 1464 2050 ,

256 2072 291 2134 iu
307 2070 498 2134 occidentali
513 2071 606 2155 plaga
621 2071 713 2133 fluuii
735 2072 790 2155 qm
813 2080 1019 2153 nuncupetur
1033 2121 1041 2144 ,
1056 2071 1208 2133 uuenrisc
1223 2120 1231 2144 ‚
1247 2072 1331 2133 Sunt
1352 2081 1463 2135 autem

257 2169 390 2231 tenuini
405 2169 530 2232 telluris
544 2170 638 2232 istius
653 2169 723 2233 baec
738 2219 746 2243 ‚
760 2169 801 2231 ab
811 2177 920 2231 aatstro
935 2219 944 2243 ,
958 2166 1158 2249 unitbigsord
1174 2218 1182 2230 .
1197 2185 1315 2250 usque·
1325 2167 1465 2252 inpines·
1503 2171 1507 2179 '

257 2267 340 2351 burg
366 2316 375 2332 .
401 2267 441 2330 ab
467 2267 630 2331 occidente
649 2266 766 2331 'vallis'
787 2267 843 2351 qui
869 2267 988 2329 dicitau
1012 2262 1220 2331 turcadenu.
1248 2266 1290 2328 ab
1312 2264 1465 2348 aquilone

258 2365 419 2430 slobtmn²
440 2366 511 2431 ford
532 2418 539 2431 .
561 2367 602 2429 ab
624 2367 747 2429 oriente
768 2366 886 2428 fluvius
908 2375 983 2428 aute
1005 2364 1192 2427 nominatus
1215 2365 1377 2427 uuanriso
1396 2414 1405 2439 ,
1422 2363 1464 2428 ed

257 2464 515 2530 continuandum
529 2485 603 2529 vcro
618 2465 717 2545 hujus
732 2463 884 2527 antedicti
900 2462 1026 2526 telluris
1041 2461 1251 2525 ‹letiationem
1274 2462 1408 2525 testium
1431 2468 1466 2527 et

258 2564 531 2628 consentientium
556 2564 777 2645 episcopcrum
803 2561 980 2623 abbatuum
1001 2580 1040 2624 uc
1062 2558 1183 2622 ducum
1206 2580 1352 2623 meormu
1375 2561 1467 2644 signia
1508 2616 1511 2620 Α

168 2664 171 2671 ’
258 2671 292 2725 et
308 2664 440 2725 nentina
456 2662 489 2724 iu
504 2661 565 2724 buc
579 2661 702 2724 tanam
719 2660 894 2723 testimonii
910 2659 994 2722 infra
1008 2658 1191 2722 conscribta
1205 2657 1391 2723 adnotabo.

304 2759 493 2823 Conscribta
518 2774 567 2822 cst
591 2757 721 2820 ‘autem'
748 2757 816 2821 baec
839 2757 1061 2820 munificentia
1086 2756 1227 2839 piissimi
1255 2757 1341 2839 regis
1370 2757 1486 2844 Offuu„

260 2876 346 2920 anuo
368 2858 410 2920 ab
433 2858 651 2921 incarnatione
674 2856 793 2919 Christi
813 2905 821 2917 .
838 2870 1041 2918 lmcuxm'lffl
1063 2902 1072 2918 .
1096 2854 1280 2918 indictione
1302 2855 1467 2919 secunde.
1494 2858 1496 2863 '

259 2975 347 3018 auno
361 2954 611 3019 decennovenali
627 2955 754 3038 primo.
770 2954 874 3017 lunari
891 3002 900 3017 .
915 2968 986 3015 xt'n
999 3002 1009 3015 .
1024 2960 1068 3015 aet
1083 2951 1326 3018 iorotluiorda⁸.
1417 2973 1420 2978 ·

396 3104 437 3183 ᾧ
460 3102 528 3184 Ego
542 3101 615 3165 oua
629 3100 742 3165 divino
756 3100 955 3185 gubernante
969 3099 1072 3182 gratia
1087 3119 1145 3162 rex
1158 3098 1378 3164 trecensium
1392 3099 1469 3166 huic

524 3198 706 3263 donationis
723 3220 811 3263 meae
826 3198 954 3282 signnm
968 3197 1073 3261 crucis
1088 3197 1205 3262 infixi.

396 3300 437 3379 ᾧ
460 3298 527 3381 Ego
548 3297 751 3361 Eatlberbtus
773 3297 835 3361 Dei
856 3296 941 3361 douo
965 3297 1137 3379 episcopus
1163 3297 1312 3362 consensi
1334 3306 1368 3363 et
1394 3298 1470 3364 sub·

524 3395 660 3478 scripsi.

396 3494 437 3573 ᾧ
460 3492 527 3575 Ego
542 3492 706 3556 Ceolulsus
721 3490 850 3555 domiuo
864 3491 1005 3555 doriaute
1019 3491 1167 3557 sacerdos
1181 3493 1330 3558 consensi
1344 3502 1378 3559 et
1393 3494 1469 3559 sub-

526 3610 661 3674 scripsi.

398 3692 439 3771 ᾧ
462 3689 529 3773 Ego
543 3688 692 3752 Tilberus
715 3687 835 3752 Christi
856 3688 960 3771 gratis
982 3687 1148 3771 u11fi1stes]
1168 3691 1317 3755 consensi
1338 3698 1373 3756 et
1394 3691 1471 3757 sub·

527 3807 663 3870 scnpsr.

400 3887 441 3966 ᾧ
463 3885 530 3969 Ego
545 3935 552 3948 .
566 3934 574 3947 .
590 3881 923 3967 ,geberhtus⁴electus
933 3880 1051 3965 presul
1066 3883 1215 3946 consensi
1229 3894 1263 3948 et
1272 3885 1470 3970 subscripsi.

398 3985 439 4064 ›1‹
463 3984 529 4068 Ego
543 3981 742 4046 Aldberhtus
766 3980 868 4064 gratie
884 3979 945 4044 Dei
972 3979 1144 4063 episcopus
1168 3984 1316 4047 consensi
1338 3993 1373 4047 et
1394 3984 1470 4049 sub-
1550 3988 1554 3993 ’

528 4081 665 4165 scripsi.

399 4179 440 4258 ᾧ
465 4178 531 4261 Ego
546 4179 708 4241 Rotuuine
722 4177 820 4240 abbas
834 4175 981 4240 consensi
995 4182 1029 4238 et
1044 4174 1221 4260 subscripsi
1237 4222 1247 4242 .

399 4277 440 4356 ᾧ
465 4277 599 4359 Signum
613 4296 729 4338 manus
746 4273 887 4336 Brordan
901 4273 1083 4356 principis.
1257 4274 1395 4359 Signum

401 4375 441 4454 ᾧ
466 4375 598 4457 Signum
614 4393 729 4436 manus
744 4370 954 4435 BethtuuaIdi
970 4371 1151 4453 principis.
1257 4392 1375 4437 uranus

401 4474 442 4553 ᾧ
466 4472 598 4555 Sigumn
614 4491 730 4533 manus
744 4470 828 4533 Esne
844 4469 1020 4554 principis.
1258 4470 1328 4537 mu

319 4606 329 4639 ¹
347 4610 540 4670 &reindutum
553 4612 615 4660 with
626 4611 680 4659 line
690 4610 803 4674 through
811 4609 850 4669 to,
861 4610 929 4667 1184
945 4608 1042 4670 betur,
1055 4605 1091 4659 Κ.
1267 4610 1278 4644 ¹
1294 4612 1423 4676 Slehtran,
1436 4614 1474 4669 Κ.

268 4683 281 4717 ⁸
297 4688 456 4753 Mutum,
466 4708 503 4742 eu
515 4690 604 4743 etone.
705 4688 716 4725 ⁴
733 4723 796 4744 ......
805 4688 922 4759 geberbt
936 4686 971 4741 Κ.

316 4784 390 4839 501·
406 4786 429 4843 1.
1331 4790 1354 4845 Y
