3816 5258
238 468 241 473 ·
339 440 403 504 ³⁹0
767 448 924 499 ommno
945 448 987 498 ro
1008 448 1121 498 tcum
1374 430 1452 519 [an.
1467 428 1543 513 79⁶

383 607 594 691 conscriptus
609 613 659 672 est
672 613 782 670 numm
798 604 853 670 hic
866 603 950 669 liber
975 605 1009 668 iu
1029 603 1099 669 looo
1119 603 1177 689 qui
1195 602 1316 670 dicitnr
1337 601 1485 686 Colchyb
1508 600 1544 665 in

339 705 452 772 sinodo
466 704 599 790 publico
613 753 621 768 .

393 862 500 914 toln&
509 863 606 913 corne.
615 862 676 905 Nm
684 859 835 912 ΜΒΝ.
928 859 936 910 Ι
958 854 1548 911 [Κὰῐωδὶιῦιίῦἱρὶηῗῖααωυιῐωιμ]

345 1265 417 1328 282.
442 1264 927 1348 Grnirropssr·iterte‚1t'iaq(‹ff
941 1264 1076 1348 ll'cascr),
1085 1271 1116 1329 to
1124 1264 1172 1327 lde
1182 1264 1297 1328 Princo
1307 1262 1414 1338 little,
1423 1263 1462 1346 os
1471 1259 1551 1325 laad

474 1370 508 1426 ot
524 1362 659 1436 &uerna
674 1364 712 1425 in
735 1361 883 1444 ll'clsmrl,
897 1384 937 1426 co.
952 1363 1056 1428 Beata
1097 1379 1158 1426 nn.
1173 1362 1251 1443 (801
1268 1360 1331 1444 for)
1346 1359 1419 1427 796.

391 1504 432 1584 ›1‹
456 1501 497 1566 Iu
513 1502 643 1566 nomine
658 1499 890 1585 omnipotentis
914 1504 1050 1586 piissimi
1072 1503 1256 1587 genitoris!
1280 1502 1338 1588 qui
1361 1506 1550 1567 cunctorum

344 1593 503 1665 bonomm
515 1600 652 1664 ‹lorrator
662 1606 714 1664 est
724 1612 756 1664 et
773 1611 979 1665 consonaret
994 1602 1060 1687 poli
1075 1601 1271 1686 hiemispcrii
1281 1650 1289 1666 .
1298 1600 1448 1685 orbisque
1461 1597 1552 1663 arvi.

345 1698 435 1783 ponti
459 1698 631 1763 fluminum
654 1711 778 1763 creator
803 1708 835 1762 ct
861 1698 1055 1782 gubernator
1077 1710 1174 1785 atque
1199 1699 1286 1765 solus
1310 1698 1415 1763 meins
1437 1695 1552 1762 muudi

345 1797 565 1861 monarchiam
581 1803 713 1862 tenens.
745 1795 814 1860 Sub
825 1796 919 1877 cujus
934 1806 1015 1862 nutu
1030 1818 1066 1863 ac
1081 1797 1239 1863 dominice
1250 1795 1446 1861 detensionis
1459 1792 1553 1859 almi·

345 1918 420 1983 gera
435 1897 568 1962 dextera
595 1947 603 1960 .
631 1898 698 1981 Ego
718 1897 924 1961 liututntct's
947 1919 1002 1963 rex
1025 1898 1114 1983 regni
1137 1898 1311 1984 reg‘monia
1332 1897 1553 1983 dispensans.

345 1998 490 2082 aliquam
514 1997 697 2082 porcionem
721 2008 805 2062 terra
827 1995 946 2063 devoto
972 2010 1005 2065 et
1030 2021 1102 2065 cum
1127 2000 1215 2066 oumi
1238 1998 1347 2064 studio
1364 1996 1411 2065 *iu
1431 1995 1553 2062 rioatro¹

350 2103 469 2166 ettectn
485 2100 672 2165 fidelissimo
687 2100 825 2166 Letum·
842 2101 980 2187 principi
995 2123 1092 2187 ‹puam
1102 2122 1140 2166 ex
1151 2122 1209 2166 arra
1219 2100 1344 2186 proprio
1356 2098 1555 2166 facultatein

348 2199 485 2283 pecunia
501 2199 706 2283 comptonam
722 2207 756 2263 et
771 2200 973 2284 beneplacita
988 2199 1184 2285 adquirendo
1198 2199 1385 2285 plenissimo
1407 2197 1514 2283 precio
1534 2218 1556 2263 a

349 2297 443 2362 nobis
457 2297 658 2380 computabit
672 2347 680 2361 .
696 2297 753 2361 ubi
769 2308 847 2362 nota
861 2299 1076 2383 appellatione
1092 2299 1255 2365 Saxonice'
1279 2298 1413 2363 Easwtt
1437 2296 1557 2362 dicitur

351 2404 387 2459 ut
403 2406 483 2479 puta
498 2443 505 2458 .
523 2410 545 2457 x
561 2445 568 2458 .
585 2395 789 2459 mansionum
806 2446 813 2459 .
829 2396 870 2460 nd
886 2396 1112 2481 possidendmn
1125 2394 1309 2460 donmrdnm
1320 2415 1395 2460 cum
1406 2392 1558 2459 omnbus

350 2491 392 2557 ad
407 2514 441 2555 se
458 2492 697 2576 pertinentibus
712 2493 835 2577 campis
850 2492 943 2558 silvis
958 2493 1009 2558 rel
1025 2503 1096 2578 post
1106 2513 1140 2559 se
1152 2492 1397 2577 mlittquendum
1409 2490 1556 2556 ubicum-

350 2603 485 2676 queant
503 2593 695 2675 cuicumque
711 2593 849 2657 volucrit
867 2595 901 2657 iu
912 2595 968 2677 jus
982 2595 1145 2679 proprium
1157 2614 1229 2659 erun
1239 2594 1429 2659 auctoritato
1440 2592 1558 2658 barum

350 2689 533 2755 litterarum
549 2701 582 2755 et
598 2690 860 2775 circguapborum
877 2704 927 2757 ast
943 2693 1027 2757 inira
1042 2704 1237 2757 mmeramm
1254 2693 1387 2758 testium
1402 2690 1559 2757 tradendo

352 2790 487 2854 linmter
497 2790 590 2873 signo
605 2789 699 2854 ulmm
714 2791 820 2855 emeis
834 2790 961 2855 detrabe
975 2798 1009 2856 ct
1023 2791 1192 2855 roborabo.
1208 2791 1289 2856 llaec
1304 2802 1411 2855 autem
1427 2789 1560 2855 donatio

351 2891 385 2954 in
402 2890 481 2953 ailla
496 2889 626 2974 puplica
641 2890 765 2955 firmato
776 2898 868 2956 estet
879 2902 1007 2977 peracto
1018 2942 1025 2955 .
1038 2894 1134 2956 Aurio
1143 2891 1314 2959 dominicae
1328 2891 1560 2957 incantationis

352 2987 468 3052 ,υσεδ
479 3037 487 3051 .
498 2986 524 3051 1⁰
536 3039 543 3051 .
556 2987 736 3053 indiccione
746 3039 754 3053 .
764 2988 830 3053 α’.
843 2999 876 3054 et
886 2991 986 3055 nostri
1000 2989 1116 3076 regalis
1124 2990 1249 3075 imperii
1261 2990 1320 3055 ab
1330 2989 1397 3055 ulto
1408 2987 1560 3055 coelomm

352 3086 495 3151 crumino
509 3085 653 3151 concessi
667 3136 676 3151 .
692 3085 756 3151 xn'
771 3138 779 3153 .

399 3184 510 3265 Hujus
532 3204 608 3248 rere
632 3184 764 3269 agelluli
788 3185 848 3250 bec
875 3195 952 3250 aurit
976 3196 1060 3251 certa
1085 3186 1222 3251 termina
1247 3185 1281 3251 iu
1306 3184 1561 3271 septemtrionali

357 3283 442 3367 parti
459 3283 604 3346 continet
620 3282 803 3368 hylvpaldau
820 3284 898 3349 blan
913 3296 945 3349 ct
962 3286 994 3349 in
1010 3284 1184 3369 aquilonali
1200 3283 1293 3369 plaga
1313 3284 1415 3370 ipsius
1439 3283 1562 3369 aggeris

358 3382 411 3445 ria
431 3379 564 3464 publica
588 3381 752 3464 portendit
777 3383 1033 3468 alternansque
1057 3384 1090 3447 iu
1115 3382 1302 3448 orientalem
1330 3383 1425 3448 finem
1450 3390 1563 3448 onuba

356 3477 433 3541 solis
448 3494 555 3541 ortum
572 3482 613 3563 op
626 3479 735 3542 enimn
751 3490 784 3544 ct
800 3480 846 3545 sic
861 3481 903 3543 nb
917 3482 1037 3546 euroin
1050 3480 1220 3545 naustralem
1236 3480 1363 3566 plagam
1375 3479 1561 3565 pervellem

357 3597 454 3640 amam
472 3576 631 3660 usquead
650 3588 802 3659 stagnum
825 3578 986 3663 queudmu
1010 3580 1102 3663 cnjus
1127 3578 1319 3645 uocabulum
1345 3586 1395 3645 est
1410 3577 1563 3645 Ceabbau

358 3674 426 3738 solo
441 3725 448 3738 .
466 3674 519 3737 Ab
534 3674 605 3758 ipso
620 3695 696 3739 cero
711 3675 781 3741 loco
797 3678 975 3743 rectissimo
990 3679 1118 3743 transite
1133 3697 1190 3762 per
1204 3678 1301 3742 unius
1315 3677 1401 3763 sepis
1422 3675 1563 3762 longitu-

358 3772 469 3837 dinem
485 3772 647 3838 tcndendo
663 3776 809 3858 pemeuit
824 3775 866 3840 ad
882 3776 1045 3863 bpntelege
1067 3784 1148 3861 gete
1172 3826 1179 3841 .
1195 3775 1280 3841 adtra
1305 3772 1507 3841 llraclanleah
1529 3781 1565 3840 et

358 3872 405 3935 sic
421 3870 463 3933 ab
478 3870 549 3954 ipso
563 3872 704 3935 cotrfinio
719 3871 761 3935 ab
775 3874 887 3937 att'rico
903 3873 955 3939 vet
970 3894 990 3937 a
1004 3877 1101 3938 tanno
1115 3872 1212 3939 lubet
1227 3872 1340 3939 coalent
1363 3870 1566 3957 longitndine

358 3968 572 4054 portende-nte
598 3989 673 4053 sepe
700 3980 920 4036 transsuersmn
946 3971 1134 4037 liorsnnlcab
1149 3971 1364 4036 certissimum
1389 3970 1566 4037 tenuium

359 4087 461 4150 usque
476 4065 518 4129 ad
532 4066 770 4151 gmnamdisc'.
788 4068 915 4134 Deinde
931 4091 1005 4135 vero
1018 4070 1060 4133 ab
1073 4068 1311 4153 gunanedisce’
1325 4070 1359 4133 iu
1371 4069 1473 4154 ipsam
1482 4066 1567 4135 ood-

358 4163 523 4229 dentalem
539 4164 666 4249 plagam
682 4187 701 4229 a
718 4167 893 4232 meridiana
911 4178 1000 4254 pnite
1016 4189 1110 4253 super
1121 4166 1280 4251 beigdunc
1292 4166 1567 4253 aprininocnrn

357 4276 469 4329 contra
485 4264 562 4329 sotis
577 4287 725 4331 ‹ccasum
746 4268 787 4332 ad
815 4269 913 4334 lticau
937 4268 1062 4355 stapulo
1088 4276 1306 4352 competenter
1327 4268 1427 4334 uertit
1448 4316 1457 4333 .
1478 4266 1562 4335 tun

358 4364 468 4447 itaque
483 4363 685 4445 raginaudoa
703 4364 929 4451 Bionnstapole
951 4388 1008 4453 per
1030 4366 1280 4451 protunditetem
1303 4372 1337 4432 et
1357 4364 1563 4431 medietatem

359 4461 457 4525 nnius
472 4460 569 4524 uallis
580 4461 676 4543 juxta
692 4482 759 4527 uno
772 4465 888 4529 acerbo
902 4464 1045 4551 lapidum
1061 4486 1157 4551 quom
1167 4485 1225 4531 noa
1235 4464 1401 4531 staucatii
1412 4483 1564 4531 commu

410 4621 808 4685 'lemmatum
931 4625 1566 4695 mmmmm-tuebunt-

361 4700 683 4757 metat-dicatum.
781 4701 981 4769 wal-ut.
