3676 5294
260 326 264 333 ·
301 325 369 376 nn.
384 309 473 395 833]
712 326 885 377 masmar
905 327 948 377 ro
970 326 1096 378 aaran
1434 264 1516 395 tra·

302 482 434 547 recessit
447 482 481 545 in
503 483 730 548 Domaomiam
744 504 788 568 ..Ἰ
804 483 851 548 ibi
872 491 999 567 partem
1022 504 1114 549 saum
1136 484 1276 568 sumpsit
1296 484 1332 550 in
1351 484 1423 554 loco
1443 488 1504 574 qui

275 589 278 595 '
302 586 436 643 vocatur
451 580 768 646 Derentanohomm.
813 582 857 645 Et
871 580 1082 667 eliisduobus
1095 580 1155 646 has
1170 596 1193 645 x
1207 590 1393 649 manentes
1405 593 1506 671 prout
1562 636 1569 645 .

303 674 370 741 illis
385 678 527 761 placuit!
544 680 733 745 dividendas
748 680 895 743 dimisit.
941 679 1053 743 Atilii
1068 700 1144 744 vero
1158 680 1244 745 inter
1257 682 1505 749 sedividentes.

304 775 412 839 Altied
426 777 550 861 accepit
563 778 625 842 sibi
640 779 674 842 in
689 777 881 842 occidentali
896 784 988 860 parte
1003 777 1039 840 in
1053 778 1233 843 dominium
1246 780 1409 863 peculiare
1422 780 1506 847 duos

304 875 466 938 cassatos.

348 972 518 1035 Territoria
543 972 641 1037 enim¹
665 973 763 1056 hujus
785 972 883 1057 agelli
909 972 973 1037 ista
994 978 1094 1037 sant!
1111 973 1264 1041 Primitus
1286 975 1323 1039 of
1340 974 1410 1041 olor
1431 976 1506 1043 rite

304 1088 391 1151 appe
413 1089 454 1132 on
477 1090 560 1134 anne
580 1072 677 1154 poure
692 1121 700 1135 .
715 1072 821 1155 banea
841 1074 850 1131 t
873 1091 916 1133 on
938 1091 1023 1134 anne
1045 1070 1152 1134 Walle
1174 1069 1249 1135 dich
1263 1120 1272 1137 .
1287 1072 1407 1159 bannet
1420 1074 1505 1159 burh

304 1186 395 1250 reopc
417 1186 458 1229 on
480 1166 648 1252 delesburg
662 1168 919 1232 middeaxrearde
934 1219 941 1231 .
958 1172 1084 1254 panea!
1101 1176 1136 1233 to
1150 1170 1298 1255 cylbcrge
1312 1220 1321 1235 .
1336 1171 1449 1259 pund!
1460 1192 1505 1235 on

305 1273 493 1348 pyrtrurnan
515 1265 607 1351 baae²
622 1287 663 1330 on
686 1268 767 1351 burg
788 1271 892 1352 baanae
907 1289 950 1331 oa
973 1288 1057 1332 arrae
1071 1267 1147 1331 dich
1161 1272 1170 1328 Ξ
1185 1290 1246 1333 one
1269 1276 1349 1355 pane
1370 1268 1506 1337 mldeue

305 1361 387 1446 hage
403 1413 409 1426 .
425 1366 526 1447 panea
542 1363 672 1449 onlong*
686 1366 760 1429 ’oies
775 1365 878 1448 hegen
895 1367 938 1429 οὔ
953 1386 1036 1430 anae
1052 1369 1130 1450 born
1145 1387 1187 1430 on
1201 1364 1344 1451 hacggen
1358 1366 1505 1431 hamme.

305 1464 408 1545 panon
431 1483 473 1525 oa
495 1483 578 1527 anne
599 1463 679 1548 hege
701 1465 759 1527 dat
781 1485 824 1527 on
844 1464 962 1528 irichte
984 1485 1027 1529 on
1052 1484 1137 1529 anno
1162 1484 1200 1529 oc
1224 1468 1333 1530 coma
1357 1472 1408 1531 est
1428 1486 1508 1532 orer

306 1559 491 1624 melenbroc
505 1581 546 1624 on
562 1581 644 1626 anne
660 1566 683 1647 ᾗ
699 1583 740 1625 on
756 1581 841 1625 anne
856 1562 960 1645 stapel
975 1563 1023 1626 eit
1038 1569 1073 1626 to
1087 1561 1252 1627 anneuler
1265 1563 1359 1627 ride.

351 1658 476 1741 Scripta
491 1664 541 1723 est
554 1660 654 1724 enim⁴
668 1659 765 1741 hujus
794 1659 955 1742 privilegii
970 1659 1098 1723 scedula
1116 1679 1201 1724 anno
1221 1659 1380 1724 dominice
1401 1658 1508 1725 incur·

308 1756 451 1819 nacionis
473 1771 598 1820 mccc.
610 1762 733 1819 aternu
749 1805 758 1820 .
775 1756 957 1820 indictione
973 1772 1022 1820 κη
1037 1806 1045 1821 .
1061 1756 1113 1822 die
1135 1778 1201 1840 qua
1222 1757 1326 1821 sancti
1348 1757 1509 1841 Stephani

308 1854 562 1937 prothomartiris
584 1855 792 1939 solempnitas
815 1855 1006 1918 celebretur·⁵
1020 1856 1055 1918 in
1080 1856 1160 1919 silla
1181 1855 1281 1939 regali
1300 1856 1359 1939 qui
1375 1864 1510 1921 vocatur

308 1951 585 2017 Dornuereccstre
611 1972 716 2015 coram
740 1952 876 2036 ydoneis
901 1951 1188 2035 adstipulatoribu's
1214 1972 1352 2037 quorum
1375 1952 1510 2017 nomina

308 2050 420 2114 subter
434 2058 545 2114 notate
559 2055 751 2134 patescant.

353 2149 388 2213 Si
410 2149 482 2232 quis
504 2156 612 2212 autem
634 2148 803 2231 tyrannica
823 2153 983 2232 potestate
1004 2147 1137 2212 inflatus
1159 2154 1196 2212 et
1217 2147 1376 2213 diabolica
1397 2146 1512 2215 froude

309 2246 462 2329 deceptus
476 2246 537 2311 hoc
551 2246 725 2330 infringere
740 2252 797 2309 aut
811 2246 957 2309 minuere
972 2266 1070 2310 ausus
1084 2246 1129 2309 sit
1142 2250 1151 2306 t
1167 2246 1248 2309 sciat
1267 2266 1302 2310 se
1324 2265 1510 2311 excommu-

309 2344 454 2407 nicatum
479 2350 557 2410 eta
582 2344 735 2409 societate
772 2355 957 2408 sanctorum
983 2342 1181 2427 seperatum⁶
1203 2349 1237 2408 et
1262 2349 1338 2409 ante
1363 2342 1512 2407 tribuual

311 2441 431 2506 Christi
446 2442 605 2506 racionem
619 2441 837 2507 redditurum.

440 2559 481 2636 '1⁴
504 2556 571 2641 Ego
582 2557 763 2640 Agobertus
773 2555 939 2627 Rerhanc
954 2564 1097 2619 nostram
1112 2574 1316 2620 communem
1329 2553 1513 2620 corroboro·

569 2656 693 2720 cionem
715 2654 844 2739 propria
866 2675 967 2719 nrann
988 2654 1080 2738 signo
1103 2661 1213 2719 sancte
1227 2652 1331 2719 crucis
1343 2656 1353 2713 t
1367 2652 1420 2737 sic
1436 2672 1514 2719 con·

569 2752 683 2819 firmo.

440 2851 507 2936 Ego
521 2851 678 2916 AJstanns
693 2852 862 2935 opiscopus
877 2848 1060 2931 consensi]
1075 2847 1272 2933 subscripsi.
1295 2849 1337 2931 »Β

412 3017 717 3074 [annumerans
936 3014 1307 3068 tu.rrr0ms10‚c⁰r.nar..no
1324 3012 1517 3065 amman

989 3076 1046 3126 [ur.
1072 3076 1492 3129 raesens-rannvotaaum

745 3314 1078 3331 Μ

314 3544 390 3607 411.
416 3543 517 3607 Graat
532 3539 737 3622 tyEcqbcrirt,
748 3539 839 3621 Kinq
849 3540 888 3619 os
897 3538 992 3613 Kcat,
1003 3544 1033 3599 to
1044 3534 1175 3607 Danaa,
1186 3532 1298 3595 Abuca
1308 3532 1346 3615 os
1354 3532 1518 3615 Lyra-inps,

443 3645 481 3725 os
490 3642 569 3705 laad
584 3650 618 3703 ut
633 3640 724 3703 Scud
739 3647 808 3715 tarra,
822 3661 892 3702 now
905 3639 1069 3721 &trepton
1082 3638 1120 3699 ia
1144 3634 1222 3697 tt'er
1239 3634 1353 3715 Hyele,
1367 3654 1406 3697 oo.
1422 3632 1519 3709 ΚΜ,

443 3739 615 3803 salt-words
629 3760 707 3800 acar
721 3738 771 3800 tlte
785 3738 823 3801 R.
839 3738 978 3809 La'mcac,
992 3735 1059 3797 aad
1080 3732 1164 3797 wood
1179 3734 1217 3795 ia
1231 3731 1394 3825 Androcles
1413 3730 1517 3795 ΠΜ.

444 3857 507 3905 nn.
524 3840 602 3923 (aas
618 3839 681 3923 ror)
697 3840 771 3904 aes.

360 3985 401 4062 '1⁴
425 3982 591 4065 Regnante
606 3981 641 4043 in
656 3988 852 4063 perpetuum
867 3980 999 4043 domino
1014 3984 1123 4041 nostro
1134 3976 1239 4041 chsu
1254 3974 1401 4041 Christo.
1432 3974 1517 4039 eum

317 4088 433 4144 cuncta
448 4078 563 4144 cotidie
579 4078 715 4161 fugitive
735 4080 823 4142 sitae
847 4087 992 4161 temporo
1015 4076 1173 4159 prosperis
1195 4082 1229 4137 et
1248 4072 1391 4136 adversis
1411 4072 1520 4135 causis

318 4178 499 4243 Consistere
514 4178 673 4240 cernimus
688 4227 695 4240 .
711 4176 979 4259 rapidissimoqne
994 4194 1090 4237 emsa
1106 4192 1262 4235 annorum
1280 4170 1384 4253 spatia
1405 4188 1519 4251 regno-

317 4298 453 4361 rumque
462 4276 580 4360 ubiquc
588 4275 705 4359 gaudia
716 4326 723 4339 .
735 4274 827 4338 finita
838 4295 907 4338 esse
923 4270 1195 4337 manifestissimis
1210 4266 1308 4352 signis
1319 4265 1520 4332 declaratum

317 4383 368 4441 est
382 4425 391 4441 .

368 4521 516 4657 ’ἦνέκ
614 4517 759 4587 ⁸·ueu‚i(.
850 4513 1016 4584 'Aodi-,K
1097 4508 1277 4579 ‘AUQK-
1362 4506 1519 4576 ΝΜΚ·

345 4604 427 4674 flat,
